2938 4896
671 423 930 495 4742·

251 616 383 702 Accedit5
409 617 486 701 quod
504 617 641 682 ¹Kuelmii
661 616 757 681 codex
778 615 804 680 A
826 616 931 680 mediis
954 615 1074 679 omissis
1100 614 1177 677 haec
1197 615 1362 700 continuat,

209 745 216 762 ¹
252 719 394 806 χέρνιβον
422 726 602 808 (χερνίβιον)
632 719 744 807 ῥητέον
770 719 804 788 δέ
832 720 885 786 καί
917 719 1145 804 χειρόνιπτρον,
1180 741 1305 806 prorsus
1334 735 1366 784 ut

254 829 349 892 verba
368 833 520 916 χερνίβιον
542 839 571 893 et
592 827 805 913 χειρόνιπτρον
832 827 982 914 copulavit
1002 826 1177 890 Athenaeus
1200 827 1229 889 in
1252 825 1363 890 similli-

256 955 303 999 mo
327 935 390 999 loeo
412 935 456 1000 lX
478 957 506 1022 p.
530 937 603 1020 408,
627 935 654 999 d.
698 933 772 999 Tum
803 935 868 1020 ipse
890 933 1000 998 Pollux
1026 931 1238 1018 χειρόνιπτρον
1259 945 1291 996 et
1310 955 1365 1015 χα-

180 1035 183 1044 '
256 1038 433 1124 ρόμακιρον
455 1041 542 1126 plane
559 1041 660 1126 junxit
679 1039 722 1126 ΙΙ,
746 1041 818 1128 150,
841 1059 938 1126 paene
955 1039 1056 1124 junxit
1076 1039 1131 1126 vl,
1154 1039 1195 1104 92
1216 1059 1260 1125 sq.
1285 1037 1367 1102 simi-

258 1148 327 1213 liter
348 1163 437 1234 atque
458 1148 631 1212 Athenaeus
660 1147 679 1210 l.
709 1147 728 1211 l.
759 1159 789 1209 et
816 1144 917 1233 paullo
939 1157 1009 1231 post
1030 1167 1058 1231 p.
1070 1147 1143 1230 410,
1157 1145 1185 1240 δ.
1208 1145 1368 1209 Postremo

195 1311 202 1319 .
258 1253 287 1317 in
316 1255 399 1318 codd.
440 1251 591 1340 Parisinis
618 1253 696 1318 male
724 1253 810 1318 deest
842 1247 910 1316 illud
939 1249 972 1317 έν
1004 1249 1141 1338 Κόλαξι,
1175 1249 1251 1338 quod
1273 1259 1371 1316 tuetur

258 1361 349 1424 etiam
371 1360 455 1424 unius
478 1360 586 1424 codicis
609 1360 773 1446 scriptura,
807 1356 918 1443 ῥητέον
939 1357 972 1424 δέ
999 1357 1040 1423 dv
1065 1359 1118 1424 καί
1145 1357 1368 1443 χειρόνιπτρον,

247 1465 411 1559 ,είπόιπον
441 1471 549 1552 (supra
579 1488 614 1542 ος
642 1485 662 1530 ει
689 1487 727 1529 m.
758 1469 834 1546 sen)
861 1463 1038 1541 Εὐπόλιδος
1066 1461 1100 1531 έν
1134 1464 1269 1546 Κόλαξι,
1311 1469 1369 1546 Φρ.

261 1571 376 1658 Nempe
399 1585 429 1636 et
451 1571 587 1638 Panisiui
605 1572 674 1638 libri
694 1585 775 1636 reete
798 1573 909 1636 habeut
928 1571 1164 1657 χειρόμακτρον,
1195 1585 1225 1636 et
1247 1572 1298 1636 alii
1319 1593 1368 1634 oo-

261 1678 341 1742 dioes
362 1700 422 1741 non
443 1679 537 1742 minus
566 1692 647 1744 rente
669 1678 734 1742 loeo
765 1687 877 1743 tantum
898 1679 997 1742 alieno
1018 1679 1253 1764 χειρόνιπιτρον.
1297 1676 1369 1740 Cor·
1452 1765 1453 1768 Ἴ

260 1783 330 1868 rigo
353 1784 443 1869 enim,
466 1784 529 1850 Καί
550 1782 674 1870 χέρνιβα
695 1781 729 1850 δέ
751 1782 805 1850 καί
824 1780 945 1868 λέβητες
965 1783 1018 1850 καί
1038 1783 1175 1869 πρόχους
1201 1783 1254 1850 καί
1274 1785 1370 1867 χιρνί-

260 1893 333 1973 βιον
362 1889 426 1956 καί
459 1890 761 1976 χειρόνιπτρον,
799 1885 1016 1974 ἀναγκαία*
1043 1889 1171 1974 ἔχουσα.
1200 1887 1311 1974 ῥητέον
1338 1885 1375 1954 δέ

259 1995 312 2061 καί
332 1994 569 2082 χειρόμακτρον,
589 1994 767 2074 Εὐπόλιδος
786 1994 926 2074 εἰπόντος
946 1996 980 2064 έν
1001 1996 1121 2077 Χόλαξι
1142 1997 1317 2078 ,monnone
1336 1992 1376 2060 τὸ
1452 2025 1453 2034 ¹

259 2101 480 2187 χειρόμακτρον
490 2111 519 2169 .“
541 2097 588 2179 οἷς
608 2093 757 2168 ἐπακτέον
776 2127 804 2168 κ.
825 2127 850 2168 τ.
871 2109 897 2169 λ
944 2105 981 2168 Ut
1001 2105 1032 2168 in
1047 2105 1179 2170 Nubibus
1203 2123 1230 2167 v.
1254 2103 1316 2170 709
1336 2102 1373 2166 de

260 2208 339 2272 liuto
369 2208 474 2272 dictum
505 2226 551 2274 est
572 2207 699 2296 φρούδη
720 2205 861 2292 δ’έμβύς,
881 2210 924 2274 ita
944 2209 1072 2296 parasiti
1095 2210 1223 2274 forsitan
1252 2208 1375 2274 mantile

261 2313 353 2380 iurati
381 2331 476 2380 erant.
521 2315 657 2384 Ceterum
686 2318 880 2405 Eupolideam
907 2339 1009 2382 vocem
1037 2301 1250 2400 χειρόνιπτρον
1277 2335 1297 2379 a
1325 2337 1374 2380 ne-

262 2421 340 2484 centi
368 2421 494 2508 quodam
521 2425 716 2509 grammatico
752 2423 949 2507 Aristophani
977 2422 1057 2505 male
1084 2423 1222 2486 tributam
1258 2442 1377 2486 essee

263 2522 386 2590 Polluce
408 2525 463 2610 Vl,
485 2524 526 2592 92
546 2527 675 2613 intelligi
696 2530 817 2616 poterit.

765 2698 882 2782 ΧΧΙ.

348 2861 509 2928 Assentior
540 2863 713 2947 uleioekio,
749 2859 769 2946 ἡ
798 2861 872 2947 τόλη
903 2865 1018 2950 pariter
1046 2878 1135 2950 atque
1165 2877 1324 2950 cognatum
1349 2869 1378 2927 et

266 2968 416 3052 geminum
436 2963 456 3034 ὁ
475 2967 567 3046 τύλος
592 2968 672 3055 ‘apud
701 2968 886 3054 antiquiores
907 2969 1024 3054 quidem
1052 2979 1160 3056 poetas
1188 2963 1378 3054 penultimam

267 3074 458 3157 corripuisse.
503 3075 678 3160 Quanquam
707 3073 780 3139 nihil
816 3075 939 3139 efficitur
966 3073 1122 3162 Eupolidis
1153 3076 1297 3160 senario,
1331 3075 1380 3160 qui

265 3201 339 3260 ¹esse
360 3193 481 3265 poterat
505 3179 690 3264 hujusmodi,
721 3212 741 3232 ν
763 3211 804 3230 u-
824 3178 1015 3266 κοιρόφαλοί
1042 3180 1148 3247 τεκαὶ
1174 3178 1265 3247 πύλαι
1285 3211 1306 3235 υ
1328 3219 1378 3245 -.

270 3285 334 3350 Sed
355 3287 396 3352 uti
417 3287 526 3352 licebat
546 3287 638 3354 verbo
658 3282 861 3367 έντυλίσσειν,
883 3288 965 3372 nujus
987 3289 1118 3353 secunda
1138 3270 1316 3375 dorripitur,
1351 3295 1381 3350 et

270 3392 448 3477 Antiphanis
470 3393 577 3486 ¹verbis
603 3412 652 3478 ap.
682 3393 833 3460 Pollucem
864 3391 938 3482 vll,
973 3396 1032 3461 192
1058 3389 1236 3478 στρώματα,
1265 3397 1391 3478 κλίνας,

270 3495 380 3574 καινὰς
399 3497 504 3576 τύλος.
547 3499 632 3577 Quae
662 3501 847 3586 trsnsposita
869 3510 898 3563 et
925 3509 1065 3588 corrupta
1092 3511 1216 3566 exuant
1242 3502 1274 3565 in
1302 3502 1383 3586 ejus·

273 3605 337 3670 dem
360 3605 434 3670 libro
457 3605 497 3689 Χ,
528 3605 571 3668 40
590 3599 644 3677 τὰς
663 3601 778 3684 τύλας,
805 3605 981 3690 στρώματα,
1015 3610 1129 3683 κλίνας.
1178 3605 1237 3670 Hit
1267 3627 1384 3692 quoque

274 3714 371 3776 scribo
392 3707 501 3788 καινὰς
517 3705 624 3789 Ιτύλας,
648 3730 707 3796 quo
727 3709 800 3774 niluil
820 3711 918 3796 aptius
942 3729 1005 3801 εει,
1035 3728 1067 3779 ut
1092 3715 1121 3778 in
1152 3711 1386 3797 Δημιοπράτοις

273 3819 403 3884 Pollucis
425 3819 466 3903 Χ,
489 3817 530 3886 39
550 3812 724 3900 κνέφαλλον
747 3814 866 3884 καινόν.
909 3817 974 3884 lam
1002 3821 1058 3886 etsi
1091 3815 1144 3886 vin
1172 3813 1291 3904 dubito,
1315 3821 1384 3905 quio

275 3925 321 4000 hic
343 3947 447 3990 versus
469 3924 558 3988 fuerit
580 3934 776 4008 anapaestus7
799 3923 886 3988 lacilo
903 3938 1003 3990 tamen
1024 3923 1055 3991 τὲ
1078 3927 1190 3992 inserto
1212 3926 1384 4012 prosodiam

142 4068 151 4074 -
273 4030 462 4116 restitueris,
484 4029 675 4113 Στρύματα,
696 4030 817 4110 κλίνας,
839 4030 949 4110 καινός
968 4057 999 4098 τε
1020 4033 1121 4109 πύλας.
1165 4034 1303 4098 Ceterum
1326 4023 1386 4097 non

273 4135 402 4200 debebat
429 4137 473 4200 vir
502 4134 648 4221 egregins
677 4132 762 4218 παρὰ
791 4142 953 4222 Σοφοκλεῖ
977 4138 1012 4206 έν
1031 4143 1075 4230 τῷ
1094 4136 1214 4225 Ἰοβιίτρ
1236 4140 1396 4225 conjicere·

274 4241 352 4332 apud
371 4238 523 4308 Pollucem
542 4241 588 4328 Χ,
611 4242 652 4307 39
674 4241 726 4308 καὶ
753 4241 852 4330 τύλη
874 4246 932 4327 (ita
960 4248 1096 4334 oodioos3
1124 4247 1215 4333 vulgo
1237 4249 1395 4330 nuttios)-
