2938 4896
540 397 798 494 4479*-

111 589 193 670 εἶδος
214 590 333 677 ἰχθύος,
354 593 388 658 ct
407 588 567 676 λεγόμεναι
587 592 732 674 θρίσσαι,
761 589 806 658 cui
828 589 1029 658 assentiuntur
1056 591 1159 660 schull.
1187 593 1226 658 ad

112 700 205 766 Arist.
248 719 255 736 ·

194 805 253 870 Hic
272 807 353 870 locus
376 805 419 869 ita
433 803 594 869 vertendus
618 814 678 866 est:
703 801 779 890 „iile
802 816 868 870 erat
888 824 1007 890 parcus,
1026 805 1080 892 qui
1100 823 1155 890 per
1174 814 1224 869 tu-

112 924 173 975 tam
195 917 286 975 vitam
308 926 377 976 ante
400 911 504 976 bellum
519 908 650 972 Samium
672 907 764 972 semel
786 909 856 973 emit
877 909 1011 995 trichias,
1035 910 1104 975 belli
1126 925 1224 977 autem

113 1016 209 1083 Samii
233 1030 367 1102 tempore
384 1003 484 1082 ‘semet
506 1014 577 1079 emit
597 1034 703 1080 carnes
724 1014 978 1081 semiobulares.“
1027 1011 1099 1082 Tciu
1113 1015 1224 1108 Σάμῳ,

113 1143 189 1208 quae
211 1123 318 1210 dic'tic,
347 1123 417 1187 iicet
437 1121 496 1186 alin
520 1141 622 1204 sensu,
646 1120 736 1216 etiam
758 1122 884 1186 occurrit
904 1122 933 1184 in
955 1121 1049 1186 Arist.
1070 1120 1165 1208 Vesp.
1194 1147 1225 1191 v.

86 1207 186 1313 1ἳ84,
211 1227 520 1313 Schweighaeuserus
543 1237 625 1290 recte
646 1225 789 1312 intelligit
808 1226 845 1293 de
866 1227 944 1291 bellu
967 1224 1081 1292 Samio.
1129 1227 1223 1298 Recte
1302 1303 1307 1316 Ι

113 1335 204 1400 etiam
225 1333 394 1400 Meiu'ekius
415 1333 471 1397 hos
493 1353 599 1397 versus
622 1331 658 1396 de
679 1330 847 1418 Hipponico
880 1331 992 1398 Galliae
1020 1340 1108 1418 patre
1128 1333 1223 1401 inter·

113 1454 247 1526 pietatus
270 1453 325 1508 est.
353 1439 486 1504 Primum
508 1438 585 1502 enim
607 1445 705 1502 sermo
729 1446 776 1501 est
796 1437 833 1502 de
854 1439 972 1504 humine
994 1453 1126 1506 mortuo:
1148 1441 1224 1527 Hip-

111 1547 234 1634 punicus
258 1560 355 1613 autem
379 1553 502 1608 nostrae
526 1543 699 1606 comaediae
722 1563 800 1606 anno
819 1543 883 1626 jam
906 1543 983 1641 diem
1005 1566 1087 1609 suum
1109 1547 1226 1614 obierat

112 1665 191 1714 teste
212 1648 411 1715 AthenaeuV
426 1671 454 1734 p.
467 1650 540 1733 228,
553 1649 580 1712 b.
609 1647 726 1718 Deinde
739 1647 863 1733 Eupdlis
884 1648 962 1713 ridet
983 1650 1110 1732 hominis
1132 1671 1223 1737 prae·

112 1756 194 1844 pauci
215 1755 339 1842 sordes:
360 1776 421 1820 cum
444 1776 500 1840 quc
524 1754 599 1818 dicto
622 1740 792 1820 Meinekius
813 1754 884 1818 hist.
915 1755 979 1820 crit.
1007 1777 1037 1842 p.
1067 1757 1127 1823 132
1147 1759 1224 1823 bene

109 1861 260 1948 componit
280 1861 374 1928 lucum
396 1859 558 1926 Andocidis
586 1860 622 1923 de
645 1859 774 1944 Mysten.
801 1880 831 1945 p.
856 1861 913 1927 121
944 1861 992 1926 ed.
1014 1861 1125 1948 Beck,
1149 1863 1226 1932 hunc

111 1969 207 2056 ipsum
227 1967 424 2054 Hipponicum
445 1961 655 2049 σωφροσύνης
674 1963 793 2027 numine
816 1963 976 2029 laudantis.
1020 1965 1082 2030 Sed
1104 1969 1225 2034 aculeos

113 2074 182 2140 dicti
194 2071 354 2159 Eupolidei
366 2071 457 2156 nemd
469 2061 503 2136 ac
516 2094 554 2136 ne
566 2069 735 2134 Meinekius
750 2068 870 2156 quidem
885 2069 1003 2140 videtur
1015 2073 1224 2162 perspexisse,

114 2179 164 2266 qui
191 2201 221 2262 p.
250 2179 326 2246 493:
355 2165 507 2262 „Videtur
528 2186 638 2259 autem,
661 2173 765 2271 inquit,
789 2174 867 2239 circa
889 2173 1010 2242 Samum
1031 2178 1156 2244 insulam
1179 2181 1225 2245 in-

114 2284 218 2374 primis
245 2284 335 2368 larga
362 2283 456 2346 fuisse
482 2281 655 2347 trichiarum
683 2279 843 2364 captura.“
900 2280 940 2345 At
965 2282 996 2347 id
1025 2285 1142 2369 quidem
1171 2287 1224 2350 de.

114 2389 277 2460 monstrari
298 2387 377 2453 nuile
400 2388 487 2453 mede
511 2398 619 2474 potest.
653 2384 815 2464 Quaeritur
836 2397 947 2473 autem,
973 2387 1042 2472 quid
1071 2391 1122 2474 sit,
1146 2392 1224 2476 quod

114 2495 298 2581 Hipponicus
327 2494 410 2580 pacis
442 2507 576 2580 tempore
610 2490 729 2556 obsonii
748 2489 814 2554 locu
843 2489 967 2556 trichias
994 2494 1117 2584 emerit,
1147 2498 1224 2562 belle

68 2650 71 2655 -
117 2614 214 2666 autem
248 2601 401 2664 saeviente
431 2622 489 2664 non
519 2599 625 2663 emerit
653 2595 794 2682 trichiae,
831 2595 1011 2686 sedputius
1040 2621 1146 2667 carnes
1174 2626 1224 2668 se·

113 2705 304 2772 miubulares.
361 2705 505 2770 Nimirum
541 2705 598 2768 huc
626 2703 675 2766 ille
704 2701 776 2764 fecit
811 2708 843 2764 ut
879 2702 972 2767 benus
1007 2708 1225 2792 paterfamilias

112 2812 251 2900 prudenti
272 2831 346 2874 sane
368 2809 502 2873 consiliu.
545 2807 623 2875 Nam
644 2804 746 2872 navali
768 2804 844 2870 bello
873 2806 999 2874 Athenis
1022 2812 1070 2875 vel
1090 2813 1149 2900 ipsi
1171 2815 1225 2879 tri·

52 2908 58 2914 ’
114 2919 200 2983 chiae
222 2937 332 3002 magno
356 2915 509 2998 venibant,
532 2926 696 2998 prepterea
718 2911 794 3000 qubd
816 2911 940 2978 trichiae
967 2930 1054 2982 eraut
1081 2917 1160 2982 inter
1187 2921 1226 2984 ci-

115 3026 170 3088 bes
193 3022 314 3086 militum
336 3013 579 3108 ciassiaricrum,
602 3027 634 3083 ut
655 3019 767 3083 diserte
788 3018 832 3081 ait
855 3019 1074 3104 Aristophanes
1095 3023 1225 3090 Acheru.
1279 3035 1297 3080 J

114 3153 145 3195 v.
167 3130 226 3196 551
258 3140 288 3190 et
317 3127 424 3190 ibidem
453 3125 625 3191 scholiasta
674 3123 754 3188 Hinc
782 3123 872 3188 etiam
897 3124 1121 3214 Peloponnesio
1148 3131 1224 3196 belle

114 3235 241 3301 trichiae
263 3233 342 3298 haud
364 3253 458 3318 parve
482 3231 600 3296 emendi
619 3243 717 3316 erant,
739 3243 772 3296 ut
792 3244 877 3315 patet
898 3253 938 3297 ex
959 3231 1057 3324 Equit
1079 3257 1109 3299 v.
1131 3235 1203 3304 662

613 3470 730 3568 XIX.

100 3635 104 3643 ¹
196 3659 329 3724 Perveni
349 3681 425 3725 nunc
446 3661 485 3728 ad
509 3680 605 3748 graue
626 3659 838 3746 fragmentum,
861 3678 918 3742 quc
933 3657 1101 3745 educemur,
1123 3637 1224 3747 Euposs
1361 3748 1365 3753 .
1388 3681 1391 3696 ·

104 3763 157 3840 „lin
180 3761 208 3825 in
229 3777 334 3830 nostra
352 3765 455 3831 fabula
482 3789 521 3830 ne
547 3764 708 3829 Alcibiadi·
723 3764 839 3851 quidem
868 3762 1051 3847 pepercisse,
1079 3764 1111 3829 in
1139 3787 1225 3851 quem

114 3868 217 3962 paucis
237 3877 306 3954 pust
328 3871 413 3935 annis
436 3871 658 3937 acerbissimam
677 3869 797 3954 scripsit
815 3867 947 3934 fabulam
964 3865 1100 3946 Rebecca.
1125 3950 1127 3954 .

188 3974 297 4040 Athen.
318 3974 378 4039 xlt
397 3997 428 4060 p.
449 3979 568 4062 535,ae
590 3971 812 4063 meditaret
833 3969 866 4058 (ὁ
886 3970 1098 4062 Ἀλκιβιάδης)
1119 3973 1154 4042 di
1172 3976 1224 4044 καὶ

112 4076 176 4148 ὑπὸ
197 4076 374 4159 Εὐπόλιδος
400 4076 443 4158 ὡς
470 4081 523 4148 καὶ
550 4077 722 4160 ἀκόλαστος
747 4077 826 4168 πρὸς
852 4085 1003 4169 γυναῖκας
1026 4075 1061 4146 ἐν
1086 4079 1225 4162 Κόλαξιν

112 4209 229 4266 ουτως·
