2938 4896
670 385 934 456 ‹cado›-

249 595 458 674 grassatorem
474 592 646 644 uocmrnnm
664 576 880 664 (λωποδύτην)
900 579 1026 646 Athenis
1041 577 1092 642 illo
1107 556 1242 663 tempore
1255 573 1369 659 fnisse,

252 689 419 757 ostendunt.
462 685 558 772 Atque
581 685 706 750 eundem
733 690 812 749 inter
832 685 946 750 calliae
967 685 1140 751 adulatores
1161 682 1275 768 fuisse,
1299 680 1371 765 quis

252 794 395 862 miretur?
441 791 588 870 Quidnam
609 793 713 855 melius
735 791 896 878 congruit,
920 811 1007 878 quam
1028 791 1155 854 interdiu
1177 797 1243 852 arte
1272 805 1370 871 para·

252 903 339 969 sitica
355 899 555 987 quotidianum
576 897 669 962 cibum
690 898 747 962 sibi
769 897 937 984 acquirere,
961 896 1082 983 vesperi
1104 908 1202 960 antem
1224 905 1254 956 et
1276 899 1370 955 noctn

253 1019 366 1093 cetera,
387 1026 466 1092 quae
483 1004 522 1070 ad
544 1002 636 1069 vitam
657 1001 881 1068 sustentandam
903 1012 971 1070 sunt
991 1000 1186 1068 necessarial
1202 1039 1242 1052 -
1263 997 1369 1084 Egre-

239 1116 306 1202 ·gie
333 1114 402 1198 ejus
429 1111 520 1175 vitam
551 1110 638 1174 nobis
666 1109 807 1174 describit
827 1109 936 1176 chorus
964 1110 995 1174 in
1015 1107 1171 1194 Aristoph.
1192 1105 1306 1172 Avibus
1339 1125 1369 1166 v.

256 1219 443 1304 1482-94,
467 1216 515 1280 nbi
537 1214 574 1279 de
592 1215 643 1279 illo
665 1215 847 1281 facetissime
871 1238 942 1282 voce
963 1214 1049 1300 ἥρως
1068 1215 1170 1298 utitur,
1193 1210 1264 1297 quia
1284 1218 1369 1272 com-

255 1349 341 1392 muue
365 1301 495 1390 habebat
515 1331 624 1389 nomen
646 1321 965 1408 cumAgamemnonis
984 1321 1063 1386 lilio:

485 1451 512 1516 sl
530 1447 591 1535 γὰρ
611 1447 733 1534 ἐντύχοι
753 1475 799 1528 τις
818 1450 886 1541 ἥρῳ

484 1561 549 1622 τῶν
565 1559 686 1642 βροτῶν
706 1555 831 1642 νύκτωρ
848 1554 992 1643 Ὀρέστῃ,
1046 1613 1049 1622 .

483 1661 602 1749 γυμνὸς
620 1655 661 1748 ἦν
681 1663 805 1748 πληγεὶς
822 1660 874 1730 ὑπ’
896 1659 996 1730 αὐτοῦ

486 1767 588 1835 πάντα
608 1764 773 1850 τάπιδέξια.

340 1923 389 1988 Ex
412 1923 503 1987 scbol.
526 1923 684 2010 discimus,
712 1933 829 2014 putrem
858 1923 943 2009 hujus
967 1921 1122 1989 nebulonis
1148 1919 1242 1984 luisse
1262 1917 1367 1981 Timo-

259 2037 386 2096 cratemc
422 2027 472 2094 ὅτι
498 2026 631 2106 σκάτους
657 2029 748 2107 ὄντος
767 2025 913 2115 Ὀρέστης
940 2027 960 2095 ό
990 2025 1202 2113 Τιμοκράτους
1227 2023 1367 2120 Amandu-

216 2169 220 2173 ·
258 2143 305 2202 τεῖ
329 2132 404 2212 τοὺς
432 2135 730 2220 προστυγχάνοντας.
772 2133 827 2213 τὰς
854 2136 971 2213 νύκτας
1000 2132 1060 2220 γὰρ
1087 2132 1186 2220 μόνοις
1210 2128 1364 2216 ἐλῄστευεν

150 2322 153 2331 1
255 2239 408 2326 Ὀρέστης.

342 2381 649 2468 Schweighaeuserus
663 2382 778 2468 quidem
793 2382 832 2446 ad
849 2383 956 2447 Athen.
970 2361 1044 2446 Xlll
1057 2400 1086 2465 p.
1098 2379 1198 2465 sone
1214 2355 1288 2443 mire
1302 2375 1368 2462 opi-

259 2502 360 2572 natur,
384 2486 574 2569 scholiastam
595 2502 728 2552 nontam
745 2501 861 2573 patrem
878 2487 955 2552 illius
971 2485 1138 2571 nominare,
1154 2504 1241 2570 quam
1259 2482 1296 2547 de
1313 2481 1369 2545 Ti·

260 2593 361 2658 moclis
372 2590 473 2654 sabula
490 2592 653 2677 „llreste“
669 2594 760 2680 loqui,
775 2593 901 2679 ideoque
916 2614 971 2680 pro
989 2590 1200 2676 Τιμοκράτους
1211 2588 1372 2676 legendum

261 2720 330 2763 esse
347 2695 539 2781 Ἠμοκλέοος.
563 2698 625 2763 Sed
647 2699 812 2785 videamus,
837 2720 894 2785 qna
915 2722 950 2764 re
972 2699 1111 2786 deceptus
1133 2694 1372 2781 Schweighaeu-

260 2826 347 2868 serus
361 2804 392 2868 in
408 2803 482 2867 hunc
497 2827 630 2870 errorem
647 2791 792 2870 inciderit.
822 2803 931 2871 Exstat
953 2806 1031 2869 enim
1045 2825 1094 2890 ορ,
1110 2802 1219 2868 Athen.
1233 2802 1253 2866 l.
1265 2802 1284 2867 Ι.
1306 2800 1373 2866 lra-

259 2919 409 2997 gmentum
422 2910 563 2974 Timoclis
576 2909 707 2995 fabulae,
732 2930 807 2995 quae
830 2911 972 2995 inscripta
995 2923 1062 2974 erat
1084 2904 1380 2996 „Uneocuvcotclclr

259 3017 345 3101 δης,“
369 3037 453 3101 quam
477 3015 587 3082 Suidas
610 3017 635 3080 s]
663 3019 817 3101 Τιμοκλῆς
838 3015 963 3102 simplici
983 3015 1102 3080 nomine
1120 3011 1261 3101 Ὀρέστης
1289 3015 1373 3078 citat.

259 3121 452 3187 casaubonus
474 3122 654 3207 conjecerat,
679 3123 733 3186 bac
753 3123 855 3188 fabula
876 3122 1045 3209 sugillatum
1068 3142 1137 3186 esse
1158 3120 1375 3194 Atheniensem

261 3226 407 3317 quendam
428 3227 494 3291 licto
517 3247 537 3292 a
556 3235 649 3314 poeta
661 3228 780 3292 nomine
803 3224 1163 3315 ,,’ορεστοτυτοκλείὸης,“
1185 3227 1271 3314 quasi
1284 3247 1373 3292 mon-

260 3347 352 3401 strum
373 3332 530 3401 conflatum
552 3355 592 3400 ex
615 3333 694 3398 viliis
718 3335 848 3422 Orestis,
872 3335 1031 3420 parricidio
1055 3333 1165 3402 famosi
1186 3342 1217 3400 et
1236 3331 1372 3400 Autocli-

260 3439 319 3523 dis,
343 3440 450 3503 insano
471 3460 629 3525 puerorum
651 3461 755 3507 amore
776 3440 905 3505 infamis.
949 3441 1046 3519 Quam
1067 3442 1237 3528 opinionem
1259 3461 1374 3526 supro·

261 3543 408 3608 buverant
428 3543 604 3609 lllanssacus
627 3555 657 3608 et
681 3543 822 3613 Valesius
851 3547 889 3611 ad
911 3547 1182 3635 Harpocrationem
1202 3547 1233 3610 in
1257 3542 1374 3628 Παρά-

260 3651 374 3733 βυστος
395 3669 466 3737 pag.
489 3649 550 3718 277
573 3660 602 3714 et
623 3650 653 3716 in
675 3651 754 3718 notis
776 3652 835 3720 126
858 3653 937 3737 (sive
957 3675 987 3740 p.
1009 3655 1070 3724 316
1093 3653 1139 3717 ed.
1164 3651 1289 3737 Gron.),
1311 3650 1374 3715 nisi

262 3754 340 3839 quod
361 3753 514 3840 Valesius,
536 3756 624 3822 nixus
644 3757 736 3822 schol.
759 3756 798 3821 ad
818 3757 911 3826 Arist.
933 3758 989 3830 Av.
1012 3783 1041 3824 v.
1064 3761 1125 3826 712
1146 3765 1179 3826 et
1200 3757 1279 3828 1490
1300 3777 1374 3822 con-

223 3855 226 3863 ’
255 3859 385 3946 jecerat,
420 3881 480 3924 non
501 3870 561 3929 tam
584 3864 722 3931 Orestem
742 3864 977 3952 Agamemnonis
999 3864 1087 3928 lilium
1108 3885 1178 3927 esse
1199 3862 1376 3955 intelligen·

262 3965 340 4049 dum,
367 3984 453 4050 qnam
466 3979 686 4059 grassatorem,
698 3972 743 4036 cui
759 3993 867 4038 nomen
879 3971 928 4034 vel
940 3970 1037 4056 polius
1053 3989 1220 4058 cognomen
1233 3969 1375 4054 Orestes,

262 4091 364 4138 uerum
387 4069 484 4140 au'tem
506 4098 612 4146 nomeu
634 4078 767 4142 fortasse
787 4076 957 4142 Autoclides
978 4076 1094 4144 luisset.
1129 4076 1187 4160 Qui
1203 4082 1276 4142 sunt
1298 4073 1376 4141 meri

262 4197 394 4286 errores.
424 4176 503 4258 Quid
515 4194 613 4251 utitem
626 4183 733 4251 clanim
755 4191 822 4282 est,
837 4202 923 4267 quam
937 4181 1054 4250 Valesii
1065 4184 1199 4270 vestigia
1213 4179 1375 4268 Schweig-
