2938 4896
669 357 929 439 ⁴038*

251 549 359 620 euror?
403 548 529 614 Tantum
551 569 625 618 vere
652 526 761 635 abest,
790 556 821 611 ut
841 546 968 633 Eupolin
996 545 1027 612 in
1049 546 1152 632 paula
1172 545 1368 636 Protagorae

250 655 409 722 indicanda
437 676 558 721 errasse
586 668 704 743 putem,
732 665 764 720 nt
791 654 827 718 de
850 653 995 720 industria
1015 654 1054 719 ab
1084 674 1120 720 eu
1144 652 1249 720 Teium
1269 655 1368 722 nomi·

252 774 352 831 namn
375 783 445 828 esse
466 761 576 846 liquido
603 757 850 826 confirmaverim.
879 758 990 826 Plures
1013 758 1091 826 enim
1112 759 1143 824 in
1164 759 1371 849 Aristophane

255 881 376 935 exstant
396 868 454 934 loci
474 865 624 934 simillimi.
666 867 711 934 Ao
731 866 859 952 primum,
875 865 1027 952 perpende
1050 865 1127 934 Nub.
1150 889 1180 934 v.
1200 867 1267 937 830

589 994 760 1081 Σωκράτης
780 990 800 1060 ὁ
821 992 964 1080 Μήλιος,

257 1133 307 1198 ubi
328 1134 486 1200 verissime
507 1135 685 1223 Brunokius,
708 1134 899 1199 Hermaunus
930 1131 1040 1219 aliique
1062 1130 1255 1197 scholiastam
1278 1135 1372 1198 secuti

156 1227 161 1237 “
258 1251 344 1324 sunt,
375 1240 424 1324 qui
452 1241 627 1327 Socratem,
658 1263 742 1327 quem
763 1239 889 1304 Athenis
911 1251 1011 1304 uatum
1034 1260 1103 1303 esse
1127 1224 1260 1304 omnihus
1281 1239 1371 1326 lippis

159 1359 167 1374 ⁸
259 1363 294 1407 ao
315 1345 485 1410 tonsoribus
514 1360 560 1412 est
586 1360 705 1432 notum,
728 1346 850 1410 Melium
878 1345 942 1410 sive
971 1343 1147 1409 Meliensem
1177 1358 1372 1432 nuncupatum

260 1470 329 1513 esse
344 1449 425 1535 dicit,
448 1450 526 1535 quod
541 1451 665 1539 perinde
679 1464 762 1516 esset
776 1447 871 1526 ἄθεος
891 1471 928 1514 ae
941 1449 1096 1534 Diagoras
1109 1449 1230 1538 Melius,
1253 1449 1291 1514 de
1316 1472 1371 1537 quo

261 1553 298 1616 of.
321 1554 378 1620 Au.
400 1578 429 1620 v.
453 1558 550 1642 1073,
582 1557 640 1621 tic.
666 1556 702 1620 de
724 1564 786 1621 nat.
809 1557 892 1622 deor.
913 1555 928 1619 I
949 1577 973 1620 o.
997 1557 1013 1623 1
1038 1569 1068 1620 et
1088 1557 1139 1624 23.
1189 1554 1308 1622 Deinde
1331 1557 1372 1622 si·

260 1660 321 1724 mili
349 1660 468 1726 ludendi
493 1661 612 1727 ratione
636 1669 721 1726 vates
743 1643 915 1750 Hierocles,
944 1683 1029 1747 quem
1061 1662 1156 1726 civem
1183 1661 1312 1728 Atticum
1335 1686 1373 1726 ex

260 1783 346 1849 pago
355 1765 525 1850 Κεραμέων
537 1767 630 1832 fuisse
645 1767 731 1830 docet
741 1766 909 1832 Boeclrhius
930 1765 991 1833 Att.
1007 1767 1109 1833 Seew.
1122 1767 1164 1856 X,
1177 1768 1201 1855 f,
1226 1769 1277 1857 13,
1295 1769 1371 1857 quod

199 1937 204 1949 ,
258 1870 326 1955 pati
349 1871 578 1958 adversabatur,
599 1873 630 1936 in
651 1871 734 1937 Pace
754 1895 785 1937 v.
809 1874 890 1941 1047

490 2007 508 2079 ὁ
529 2009 740 2098 χρησμολόγος
760 2005 818 2090 οὑξ
840 2005 962 2096 Ὠρεοῦ
1036 1995 1040 2006 ’

263 2125 293 2176 et
313 2135 341 2178 v.
367 2116 446 2183 1125
558 2143 570 2154 ·

497 2218 515 2287 ὁ
536 2219 633 2306 κόραξ
651 2221 684 2303 ἐξ
700 2219 816 2308 Ὠρεοῦ

261 2349 430 2415 nominatus
443 2367 501 2440 est,
516 2374 592 2439 quae
608 2354 678 2418 urbs
693 2348 760 2418 erat
774 2352 992 2418 Euhoeeosiurn
1008 2351 1296 2441 (Thucyd.llll1„e.
1314 2355 1371 2439 953

262 2453 356 2522 Paus.
387 2457 463 2542 llll,
500 2481 524 2523 e.
554 2460 629 2545 26),
664 2457 713 2545 qui
741 2457 808 2546 paci
836 2471 923 2557 erant
955 2459 1150 2526 infestissimi.
1207 2457 1251 2524 Cf.
1279 2460 1370 2526 schol.

262 2560 302 2626 ad
321 2559 396 2626 Pac.
417 2563 437 2626 l.
460 2563 479 2629 l.
1354 2583 1356 2588 '

344 2666 514 2737 Praeterea
533 2669 718 2736 notissimum
739 2683 798 2756 est,
826 2689 877 2734 aar
897 2669 1117 2756 Aristophanes
1146 2671 1305 2758 Cleonem,
1334 2672 1372 2736 oi·

147 2767 157 2780 “
232 2844 235 2852 ,
263 2791 330 2836 vem
343 2773 482 2862 Atticum,
505 2777 594 2842 toties
615 2776 830 2863 perstrinxerit
851 2776 936 2861 pnasi
960 2800 977 2840 e
998 2777 1120 2841 natione
1143 2777 1373 2866 Paphlagonum

264 2878 434 2965 oriundum,
457 2882 493 2946 cf.
515 2882 614 2968 Equit.
636 2903 665 2947 v.
687 2883 720 2968 2,
743 2881 820 2947 Nub.
842 2903 871 2946 v.
893 2883 964 2950 581.

347 2987 435 3064 Quod
455 2989 483 3052 si
502 2987 699 3075 Aristophani
719 2987 812 3073 licuit,
837 2988 936 3073 quidni
956 2988 1034 3054 idem
1056 2989 1372 3076 eoncedesldupolidil

263 3090 326 3157 Sed
355 3104 479 3176 quaeret
506 3094 635 3158 forsitan
666 3093 793 3179 aliquis,
822 3113 873 3157 our
900 3092 1105 3182 Protagoram
1131 3094 1235 3161 Teium
1264 3097 1373 3162 dixerit

262 3215 318 3282 pro
339 3197 495 3263 Abderita.
530 3199 578 3265 An
598 3199 676 3264 forte
698 3198 904 3285 Protagoras,
927 3202 1066 3284 quoniam
1087 3181 1252 3288 Abderitae
1275 3203 1374 3268 stolidi

264 3324 334 3368 esse
355 3304 552 3370 credebantur
573 3303 647 3389 (Cio.
660 3305 698 3369 de
712 3317 773 3370 nat.
795 3304 878 3374 deor.
894 3303 909 3369 l
931 3327 956 3370 e.
971 3308 1012 3374 43
1034 3317 1064 3371 et
1085 3307 1123 3371 ad
1137 3307 1226 3374 Attio.
1239 3307 1296 3395 lv,
1309 3311 1371 3392 16),

256 3411 447 3496 semetipse
470 3412 573 3477 Teium
594 3410 693 3497 potius
714 3410 870 3476 nominare
895 3411 1034 3478 solebatl
1079 3412 1173 3489 Quum
1202 3415 1279 3480 eninr
1309 3438 1372 3480 oer-

263 3513 378 3578 tissime
398 3517 545 3585 Abderita
565 3517 667 3602 fue-rit,
691 3517 728 3580 ob
749 3516 896 3606 idipsum
917 3518 972 3584 fnit
994 3518 1098 3606 Teius,
1122 3515 1261 3603 quoniam
1274 3520 1373 3586 Abde-

262 3619 340 3684 ritar
368 3629 486 3687 constat
506 3622 646 3686 Teiorum
673 3621 767 3687 fuisse
799 3624 932 3690 colonos.
978 3625 1020 3690 At
1047 3626 1078 3692 in
1106 3641 1222 3712 promtu
1245 3641 1292 3690 est
1313 3648 1373 3694 ure·

261 3725 321 3792 lior
344 3729 488 3813 quaedam
509 3729 599 3793 ratio.
621 3727 699 3794 Nam
721 3728 748 3794 si
769 3729 795 3793 is
817 3730 918 3817 homo,
942 3731 1032 3817 quiin
1055 3731 1258 3798 adulatoribus
1279 3732 1374 3798 ionice

262 3832 448 3920 loquebatur,
471 3835 537 3920 ipse
558 3833 749 3922 Protagoras
777 3837 850 3924 fuit,
880 3837 921 3902 uti
942 3850 1026 3901 acute
1051 3837 1177 3921 conjecit
1204 3837 1374 3904 Meinekius

263 3957 292 4022 p.
315 3940 395 4025 4963
418 3939 542 4025 Eupolis
565 3939 669 4016 Teium
692 3965 731 4008 ex
751 3942 855 4011 Ionum
877 3943 999 4010 natione
1022 3965 1058 4006 eo
1081 3943 1205 4010 oonsilio
1228 3965 1297 4010 essu
1319 3964 1372 4007 vo·

165 4097 168 4103 .
262 4041 326 4130 luit,
351 4067 407 4130 qno
429 4046 537 4112 rectius
559 4047 655 4114 ionice
677 4049 846 4136 loquentem
868 4048 1007 4115 iuducere
1030 4058 1145 4136 posset.

345 4151 419 4226 Tura
441 4153 569 4240 egregie
589 4154 760 4226 Meineltius
782 4157 819 4222 de
842 4167 948 4222 nostro
970 4175 1076 4222 versu:
1100 4156 1252 4242 „Videtur
1272 4155 1371 4242 Eupo·
