2938 4896
542 439 800 510 ⁴31>-

109 639 242 712 goaront
269 625 513 712 wyttenbachius
543 631 582 696 ad
610 633 704 698 locum
732 631 887 696 Plutarchi
913 653 943 718 p.
968 633 1028 700 451
1059 641 1089 697 at
1117 639 1226 718 putica

109 732 280 798 hleioelrios
302 734 439 810 Quaestt
476 737 525 800 Sc.
547 737 562 801 l
584 757 613 823 p.
636 738 687 804 55.
736 737 856 802 Scilicet
881 751 1023 804 notantur
1051 739 1109 804 hoc
1133 760 1224 806 versa

111 837 296 904 adulatores.

194 941 350 1010 Difficilius
373 959 420 1011 est
442 948 478 1015 de
500 948 613 1014 duobus
636 949 694 1014 illis
716 950 857 1036 senariis,
889 950 937 1035 qui
964 951 1222 1037 praenimium,

110 1051 269 1136 quidquam
290 1051 363 1118 certi
386 1053 511 1118 allorro.
554 1053 593 1120 Et
614 1055 760 1121 Meinekii
782 1055 897 1142 quidem
918 1055 1099 1142 conjectura,
1124 1057 1171 1142 qni
1194 1077 1223 1144 p.

109 1158 171 1225 489
196 1160 252 1223 hos
274 1158 332 1223 duo
355 1179 462 1222 uersus
490 1179 551 1223 non
579 1183 619 1226 ex
636 1163 751 1226 comico
773 1173 884 1248 poeta,
914 1133 968 1224 seit
990 1184 1030 1224 ex
1051 1162 1224 1250 aenigmate

109 1263 237 1349 quodam
259 1277 372 1329 sumtus
392 1285 461 1330 esso
484 1265 564 1352 vult,
596 1266 676 1332 haud
704 1267 789 1332 dubie
818 1265 1013 1352 improbanda
1040 1279 1096 1332 est.
1146 1268 1224 1332 Gon-

109 1370 234 1434 trariom
263 1369 339 1438 cuim
368 1369 474 1434 docent
502 1371 596 1457 ipsios
625 1369 777 1438 Plutarchi
805 1372 901 1436 verha
926 1375 1100 1455 παρασίτου
1125 1370 1225 1460 plat

107 1478 252 1552 τοιοῦτος
270 1475 444 1560 εἰκονισμός
464 1475 557 1559 ἐστιν,
579 1501 618 1543 ox
639 1479 743 1563 quihus
764 1478 841 1541 hanc
872 1499 942 1542 esse
974 1479 1070 1544 elucet
1096 1481 1224 1565 parasiti

108 1582 357 1670 descriptionem,
385 1603 482 1668 neque
510 1604 584 1646 vero
614 1583 766 1667 aenigma.
808 1581 944 1647 Parasiti
954 1588 1222 1670 anuuqunnin

107 1687 264 1753 comoedia
280 1688 409 1754 maxine
423 1687 545 1776 depingi
567 1687 697 1773 soleant,
717 1707 780 1751 non
802 1697 848 1752 est
870 1687 998 1774 duhium,
1023 1673 1090 1775 uuio
1112 1692 1143 1758 hl
1165 1692 1222 1760 duo

107 1813 213 1859 vorsus
235 1817 253 1858 e
276 1793 458 1860 Graecorum
480 1794 635 1860 comoedia
654 1793 812 1881 repetendi
833 1794 902 1863 sint.
941 1793 988 1860 tte
1008 1809 1101 1882 poeta
1123 1811 1223 1870 tanen

105 1899 233 1985 ejusque
253 1900 409 1965 comoedia
429 1901 508 1965 haud
531 1901 606 1964 sane
628 1908 755 1963 constat.
791 1898 869 1964 Nam
892 1900 950 1963 etsi
970 1903 1120 1972 sententia
1141 1904 1222 1988 ejus·

107 2005 189 2073 modi
210 2018 275 2092 est,
298 2014 330 2069 ut
351 2007 462 2094 optime
489 2007 583 2070 locum
614 2004 728 2068 hahere
752 2003 885 2091 potuerit
912 2004 943 2067 in
970 2005 1072 2072 fabola
1099 2022 1221 2080 nostra:

105 2132 179 2178 raro
216 2125 317 2178 tamon
350 2110 529 2177 Plutarchus
564 2110 701 2176 versibus
736 2111 826 2175 utitur
858 2108 1024 2196 Eupolidis.
1084 2111 1221 2201 lienique

106 2216 290 2282 Fritzschios
317 2217 481 2282 consulenti
509 2218 580 2282 mihi
612 2218 655 2282 ita
683 2216 857 2302 respondit:
885 2215 1066 2301 „Plutarchi
1094 2218 1131 2284 dc
1157 2220 1221 2288 lta·

106 2331 231 2410 gmento
249 2319 551 2408 Γαῦτὴρ-θηρίον
571 2322 744 2388 obseruatio
765 2324 939 2403 παρασίτου
959 2320 1021 2404 γὰρ
1041 2321 1059 2391 ὁ
1080 2331 1222 2404 τοιοῦτος

106 2426 280 2513 εἰκονισμός
290 2427 362 2514 ἐστι,
385 2428 591 2515 componenda
611 2440 659 2494 est
679 2448 743 2492 curm
765 2427 829 2492 loco
841 2426 995 2496 Athenaei
1007 2428 1050 2496 VI
1065 2439 1103 2518 p.
1120 2434 1220 2518 25830

104 2533 339 2620 κυχαρωπήρικε
360 2534 394 2600 di
420 2533 464 2612 ὡς
482 2534 528 2601 dut
548 2531 679 2618 μάλιστα
700 2531 847 2616 ἐπιμελῶς
873 2530 931 2600 τὸν
954 2535 1079 2604 κόλακα*
1092 2536 1233 2606 Micon--

105 2643 181 2726 ὅρος
200 2639 235 2708 ἐν
253 2647 299 2732 τῷ
319 2639 474 2732 ὁμωνύμῳ
497 2638 644 2726 δράματι,
672 2635 719 2715 ὡς
741 2639 795 2705 sul
819 2637 877 2706 cion
896 2639 1068 2727 παράσιτον
1089 2647 1221 2731 Δίφιλος
1358 2661 1360 2666 ’

104 2746 141 2814 ἐν
157 2752 289 2839 Ttlsclpc.
332 2748 491 2814 Menandri
513 2771 530 2811 e
553 2745 661 2810 Colace
682 2746 820 2811 versibus
842 2747 873 2810 ln
896 2748 1001 2816 oodem
1021 2751 1097 2816 lihro
1119 2753 1219 2839 paullo

41 2841 43 2846 ’
103 2869 179 2942 post
198 2855 289 2920 utitur
310 2853 488 2920 Plutarchus
509 2872 539 2939 p.
556 2853 609 2937 57,
628 2870 659 2936 a,
683 2850 732 2915 uhi
753 2859 834 2916 recto
846 2850 1093 2938 Wyttenhachius
1116 2878 1145 2943 p.
1158 2859 1220 2929 tua

107 2959 189 3044 dicit,
213 2959 428 3045 descriptiones
446 2971 481 3022 et·
488 2958 568 3048 dicta
581 2957 761 3022 adulantium
776 2980 793 3020 e
808 2959 970 3024 comoediis
990 2960 1069 3046 scre‚
1090 2964 1220 3030 maximo

8 3107 11 3114 ·
101 3064 299 3133 Menandreis
320 3063 510 3130 Plutarchum
533 3063 686 3130 sumsisse.
735 3062 819 3128 Adde
842 3063 1030 3132 Plutarchum
1060 3067 1217 3158 ihidemp.

101 3145 157 3257 ou,
171 3171 200 3242 n
220 3171 319 3260 totque
340 3154 602 3257 uyhnatnn
624 3190 653 3256 p.
675 3168 737 3276 rso
761 3168 835 3255 squ<

628 3409 683 3490 X.

186 3599 282 3666 Venio
303 3620 380 3664 nunc
397 3598 435 3662 ad
449 3597 548 3663 socios
564 3616 599 3661 ac
612 3596 764 3662 ministros
781 3598 929 3663 libidinum
945 3598 1070 3686 Calliae,
1088 3602 1136 3687 qui
1153 3555 1218 3669 eom

102 3705 134 3768 in
156 3702 354 3791 dilapidandis
383 3705 473 3769 avitis
495 3724 530 3769 ac
554 3704 691 3790 paternis
712 3704 798 3768 honis
826 3704 1018 3790 adjuvabant
1067 3707 1218 3776 (imposne

103 3828 200 3892 uero,
232 3809 268 3872 de
291 3811 393 3895 quihus
415 3831 490 3875 nunc
518 3809 684 3892 disseram,
713 3809 743 3873 in
764 3829 883 3873 scenam
914 3809 1073 3894 progressi
1100 3831 1216 3878 coram-
1254 3806 1257 3816 '

104 3936 160 4002 que
196 3913 306 4002 popolo
341 3917 489 4002 exagitati
523 3916 608 3999 sint7
645 3935 684 3978 an
714 3922 806 4000 poeta
841 3934 895 3978 eos
932 3914 1089 3982 occasione
1117 3917 1218 3984 ohlata

100 4019 195 4085 aerho
218 4025 329 4088 tantum
352 4041 407 4108 per
429 4042 484 4085 ora
512 4021 668 4087 hominum,
689 4018 874 4104 traduxerit,
906 4040 946 4084 ex
973 4021 1118 4086 tenuitate
1151 4024 1216 4099 lra-

103 4140 288 4208 gmeutorom
298 4145 395 4213 aegre
413 4138 515 4212 potest
535 4127 609 4190 erui.
639 4125 734 4202 Quom
755 4139 855 4190 tamen
876 4136 969 4211 poeta
988 4125 1074 4210 hujus
1094 4127 1215 4197 fabulae

105 4233 309 4299 oeconomiam
327 4232 371 4298 sic
391 4231 557 4298 instituisse
579 4231 728 4315 videatur,
751 4243 784 4295 ut
805 4229 916 4294 Gallias
937 4229 1040 4296 amicis
1062 4233 1125 4299 suis
1145 4246 1215 4300 tee-
