2938 4896
279 1051 292 1082 .·
371 1055 374 1081 :
445 1053 458 1079 a
653 1055 657 1066 ¹
771 1057 776 1088 ι
900 1061 908 1090 ι
942 1055 1023 1092 .:.·...
1051 1033 1076 1090 nl
1110 1057 1310 1094 1:.u.·...··
1382 1081 1386 1107 ,

282 1169 298 1182 ··
354 1157 368 1189 ι.
394 1157 418 1191 ιιι
443 1159 447 1168 ·
524 1157 529 1172 ’
671 1143 784 1226 :fla
808 1139 1015 1243 p·''11·''
1041 1159 1055 1215 p
1081 1151 1289 1217 tp....t·':1.2

277 1266 300 1294 ,ι’
328 1266 341 1276 ““
369 1249 374 1295 l
531 1287 537 1296 .
1268 1249 1313 1306 nul
1359 1291 1364 1311 ι

279 1391 284 1400 “
300 1364 464 1473 Venio
488 1386 563 1472 nuno
532 1365 636 1472 ad
644 1428 870 1500 gravissumam
877 1374 963 1508 Vujiis
992 1373 1176 1512 quatistron'us
1197 1409 1334 1518 partem
1343 1406 1402 1474 ad

283 1513 485 1602 fragmenta
477 1533 556 1601 ipsa,
580 1536 620 1578 ex
642 1514 758 1600 quihus,
780 1500 850 1578 lieet
876 1481 994 1579 haud
987 1528 1029 1578 ita
1043 1496 1150 1580 multa
1168 1490 1297 1579 aetatem
1320 1517 1399 1581 tule-

281 1621 354 1707 rint,
378 1634 409 1685 et
427 1621 570 1708 pleraque
590 1620 638 1685 vel
659 1621 793 1685 mutilata
815 1621 936 1686 sintvel
949 1620 1031 1685 vitiis
1044 1620 1245 1685 contaminata
1248 1635 1397 1708 ,tamen,
1441 1675 1443 1726 4

284 1727 370 1814 quasi
392 1749 431 1790 ex
453 1749 552 1814 ungue
573 1727 702 1814 leonem,
725 1727 943 1814 praestantiam
964 1725 1050 1811 hujus
1070 1726 1190 1791 sahulae
1211 1749 1398 1814 cognoscere

282 1833 361 1898 licet.
403 1832 501 1919 Atque
523 1847 555 1899 ut
576 1831 724 1899 Lentonis
745 1833 875 1897 fabulam
897 1841 1024 1918 taceam,
1041 1854 1117 1918 quae
1130 1833 1223 1897 trihus
1239 1834 1393 1920 fragmen-

282 1941 320 2004 tis
343 1941 476 2027 exceptis
498 1950 562 2005 tota
584 1940 686 2027 periit,
707 1962 759 2004 res
781 1940 848 2026 ipsa
869 1939 973 2004 mirari
993 1960 1048 2002 nos
1070 1948 1165 2026 vetat,
1189 1938 1394 2026 quodAristo-

280 2046 389 2133 phanis
411 2044 481 2110 Pax
498 2045 628 2130 judicum
648 2047 802 2111 atticorum
831 2047 987 2110 sententiis
1016 2059 1141 2110 nostrae
1169 2046 1286 2111 fabulae
1308 2059 1397 2132 post-

280 2129 385 2216 habita
406 2165 462 2216 est.
506 2152 713 2240 Unusquisque
735 2153 825 2239 cuim,
849 2153 897 2238 qui
913 2151 1024 2216 Pacem
1045 2151 1205 2240 diligenter
1223 2164 1397 2238 pertracta·

281 2259 371 2345 verit,
394 2257 467 2322 mihi
488 2258 641 2345 concedet,
666 2280 732 2323 eam
754 2260 832 2324 inter
852 2249 1019 2324 mediocres
1041 2257 1251 2346 Aristophanis
1271 2255 1396 2322 fahulas

280 2363 471 2429 reserandam
494 2387 584 2452 esse,
616 2385 711 2452 eaque
733 2365 855 2452 saepius
879 2365 991 2449 justam
1019 2364 1177 2430 cavillandi
1205 2364 1394 2428 occasionem

281 2471 381 2536 datam
391 2471 490 2557 poetis
508 2471 694 2557 aequalibus,
711 2493 796 2557 quum
812 2471 865 2535 tali
880 2484 1056 2558 argumento
1073 2471 1293 2559 phantasmatis
1302 2472 1393 2558 pleno

280 2577 334 2641 vix
356 2575 512 2663 quidquam
532 2577 672 2664 frigidius
692 2576 921 2663 languidiusque
943 2579 1112 2666 excogitari
1131 2579 1266 2666 potuisse
1287 2578 1395 2643 videa·

280 2697 337 2748 tur.
379 2682 515 2770 Egregie
538 2682 574 2748 de
595 2681 686 2748 Pacis
708 2683 810 2749 fahula
825 2684 971 2768 judicavit
991 2685 1177 2750 acutissimus
1198 2685 1247 2748 ille
1262 2683 1394 2770 antiqui-

278 2789 350 2854 tatis
373 2789 575 2876 investigator
596 2790 628 2854 G.
653 2789 821 2856 Odofredus
842 2790 953 2857 Mdller
975 2791 1095 2874 „illelda
1123 2793 1171 2860 bet
1199 2791 1300 2876 qtltdp.
1320 2790 1393 2860 Vltl‘

277 2896 337 2966 Vll
347 2894 427 2982 llp.
444 2897 506 2962 239
521 2916 566 2981 sq
589 2893 674 2960 Adde
697 2895 785 2960 G..ll
808 2895 932 2971 Rodium
954 2897 1074 2981 „lsstlda
1097 2901 1146 2967 brt
1167 2897 1271 2980 Vellet
1288 2897 1394 2980 chbt

277 3003 373 3086 futh‘
394 3002 449 3068 Ill.
471 3002 510 3067 lI.
533 3023 563 3094 p.
584 3003 647 3070 33⁸1
668 3024 726 3088 sq,
751 3003 799 3089 qui
820 3001 955 3090 inprimis
976 3018 1158 3090 postremam
1175 3003 1295 3067 fabulae
1317 3023 1393 3089 par-

278 3123 336 3173 tem
359 3109 464 3173 merito
484 3108 687 3194 reprehendit.

347 3214 432 3280 Nunc
453 3236 503 3300 eo,
526 3213 603 3278 uude
624 3215 681 3278 huc
697 3213 839 3299 digressa
860 3227 917 3303 est,
942 3215 1038 3280 oratio
1060 3216 1176 3281 redeat.
1204 3213 1281 3280 Nam
1305 3237 1392 3300 quum

278 3323 315 3388 de
330 3321 447 3407 ordine,
471 3343 527 3407 quo
549 3320 722 3407 fragmenta
743 3320 828 3404 hujus
843 3320 962 3386 lahulae
979 3343 1048 3386 sese
1064 3322 1188 3386 invicem
1202 3321 1390 3409 exceperint,

277 3429 330 3492 vix
352 3428 509 3514 quidquam
532 3427 606 3493 certi
627 3425 718 3491 statui
747 3446 838 3511 posse
861 3426 1001 3514 arbitrer,
1026 3449 1081 3514 ea,
1111 3450 1187 3514 quae
1210 3429 1249 3493 ad
1269 3429 1392 3491 chorum

276 3546 426 3620 spectant,
449 3532 572 3619 primurn
594 3534 797 3619 pertractabo.
825 3534 979 3599 Exordiar
998 3549 1095 3599 autem
1108 3537 1149 3609 ah
1160 3533 1392 3621 Hephaestione

275 3638 350 3705 Xlll
372 3659 401 3726 p.
424 3639 477 3723 73,
501 3637 549 3723 qui
572 3638 608 3702 de
630 3639 785 3724 paeonico.
798 3652 973 3703 tetrametro
996 3640 1166 3704 disserens:
1195 3637 1335 3727 κέχρηται
1355 3637 1392 3704 δὲ

274 3741 378 3834 αὐτῷ,
410 3744 523 3832 inquit,
559 3743 611 3809 καὶ
636 3742 670 3810 ἐν
692 3741 795 3822 ἄλλοις
822 3743 976 3829 δράμασιν
996 3742 1014 3812 ὁ
1032 3742 1257 3832 Ἀριστοφάνης
1283 3745 1336 3812 καὶ
1356 3743 1393 3812 ἓν

275 3847 469 3938 Xantho.
494 3852 675 3928 1275-823
701 3853 923 3936 1284—90)*)
945 3851 998 3919 καὶ
1019 3851 1159 3932 Εὔπολις
1180 3851 1214 3920 ἐν
1235 3852 1364 3933 uttan·

256 4101 258 4112 ,
342 4057 370 4124 ¹¹)
389 4053 496 4124 Berghii
515 4069 650 4111 comment.
670 4076 695 4129 p.
715 4060 764 4114 417
783 4076 906 4124 errorem,
931 4057 971 4128 qui
990 4059 1014 4112 iu
1034 4059 1077 4113 illo
1096 4061 1234 4132 Vespanun
1261 4061 1315 4113 loco
1334 4081 1390 4115 cre·
1439 3999 1441 4082 l

275 4143 340 4196 ticos
359 4152 520 4194 tetrametrum
539 4137 588 4192 sihi
606 4140 737 4195 invenisse
754 4141 865 4200 uidetur,
885 4141 926 4195 ubl
945 4143 1094 4213 purissimos
1111 4143 1191 4200 hahes
1210 4157 1329 4214 paeonius,
1351 4146 1391 4199 ni-

275 4226 312 4280 hil
334 4224 424 4280 attinet
446 4225 564 4282 refutate.
