2938 4896
665 407 925 499 «νᾶοὴ

195 631 198 634 ·
243 602 343 688 cipes,
364 600 467 664 voturi
488 545 626 664 solebant
652 591 840 681 (Hemsterh.
862 597 893 662 iu
914 598 1025 699 Auem.
1056 617 1087 684 p.
1108 599 1179 678 24).
1234 593 1361 659 llirlcsis'

244 707 337 772 schol.
358 705 397 770 ad
418 705 541 770 Luciam.
563 705 720 770 Prometh.
742 726 772 791 p.
794 705 836 772 33
860 714 891 769 ct
918 705 1017 790 Etym.
1040 704 1083 768 Μ.
1105 723 1136 792 p.
1161 703 1211 786 18,
1236 703 1308 769 let
1327 701 1360 767 8.

326 829 374 894 Ad
394 828 489 893 verha
509 824 548 894 τὰ
567 831 709 912 χαμᾶθεν
729 815 846 894 ἐσθίειν
867 825 1006 891 conferas
1027 819 1120 890 locum
1140 824 1224 889 lonis
1252 821 1363 908 tragici

246 956 295 1023 ap.
319 934 428 999 Athen.
450 934 480 999 X
508 956 537 1021 p.
560 934 686 1019 tlt,u,
709 935 758 999 uhi
787 935 823 997 tle
847 932 996 1016 Hercule,
1027 933 1121 996 heroe
1150 929 1361 1013 voracissimo,

247 1042 368 1107 dicitur:

457 1175 598 1246 κατέπινε
617 1179 671 1250 παὶ
693 1177 732 1246 τὰ
752 1182 833 1246 κᾶλα
853 1174 1002 1256 καὶτοὺς
1023 1177 1193 1261 ἄνθρακας.
1284 1266 1288 1271 .

332 1316 486 1407 Eupolidis
517 1296 622 1382 eadem
650 1317 715 1384 fere
744 1319 838 1383 verba
864 1319 1001 1406 reperies
1024 1319 1054 1381 in
1075 1314 1229 1402 Aristoph.
1253 1312 1364 1404 fragm,

249 1425 382 1487 incertae
405 1423 486 1486 setis
509 1443 558 1510 ap.
580 1421 723 1487 Achillem
752 1422 869 1487 Tatium
897 1423 982 1514 lsag.
1010 1425 1040 1488 in
1060 1423 1146 1488 Aret.
1172 1421 1284 1508 p.121
1316 1417 1365 1485 ed.

250 1529 361 1596 Petav.

368 1674 427 1755 Ὃς
439 1675 478 1742 τὰ
490 1675 547 1762 μὲν
561 1673 670 1762 ἀφανῆ
685 1681 826 1768 μεριμνᾷ,
847 1673 886 1744 coi
906 1674 940 1741 ut
951 1679 1092 1760 χαμᾶθεν
1105 1672 1211 1772 ἐσθίεν,
1225 1681 1231 1702 ’

138 1855 143 1874 “
254 1825 314 1909 (510
331 1823 482 1918 31031ίὶ98
503 1847 532 1910 p·
555 1827 711 1912 ltuupro
735 1825 771 1904 ὃς
790 1821 945 1912 τάφανῆ)
968 1846 1058 1910 quae,
1078 1824 1138 1889 uisi
1158 1823 1285 1911 egregie
1307 1822 1322 1884 f
1339 1822 1365 1886 l·

159 1953 165 1964 ‘
253 1930 313 2017 lor,
337 1930 512 2017 Tagenistis
532 1946 602 1997 sunt
626 1934 791 1998 tribuenda.
1166 1983 1171 1992 ,
1204 1982 1208 1994 ,
1240 1987 1243 1992 ,
1293 1983 1296 1992 ,
1361 1987 1365 1992 ,
1449 1947 1450 1988 t

336 2054 490 2141 Eupolidis
512 2077 618 2120 versus
641 2055 685 2118 sio
703 2056 796 2119 latine
816 2053 907 2117 vertit
929 2051 1052 2115 Grotius
1073 2051 1216 2156 Exuet-pt.
1237 2071 1266 2138 p.
1288 2051 1367 2156 506r

464 2184 607 2273 Superhit
629 2184 676 2247 hic
697 2183 862 2268 sacrilegus
884 2181 921 2246 de
942 2181 1133 2270 caelestibus,
1354 2196 1363 2208 ·

464 2297 495 2354 at
517 2291 724 2379 esse'quaerit
744 2289 865 2353 interim
887 2287 1054 2354 terrestria.
1142 2359 1145 2368 Ι
1174 2295 1187 2314 ’·
1212 2302 1217 2312 ·

342 2428 477 2493 Ceterum
486 2429 522 2492 de
530 2428 707 2524 Protagora
713 2428 855 2513 inspicias
863 2412 979 2524 Bergk,
988 2441 1143 2498 comment.
1151 2448 1180 2514 p.
1192 2428 1365 2522 101-103,

258 2533 433 2619 117—120,
456 2535 530 2622 333,
558 2535 606 2618 qui
628 2533 791 2597 accuratius
814 2531 850 2594 de
873 2531 980 2619 duplici
1001 2533 1066 2617 ejus
1091 2531 1216 2599 Athenis
1239 2554 1367 2600 courmo-

257 2637 375 2703 ratiouc
397 2651 427 2702 et
449 2639 485 2702 de
507 2640 610 2710 intima
630 2662 693 2710 cum
716 2638 810 2706 Callia
832 2639 994 2728 disputavit
1017 2639 1237 2705 cousuetudine.

651 2915 655 2924 ·
753 2881 869 2964 XIV.

243 3097 246 3102 ·
343 3065 429 3130 Aliud
451 3053 662 3156 fragmentum,
686 3069 716 3131 in
739 3089 796 3152 quo
824 3067 933 3132 mentio
957 3067 989 3132 fit
1009 3066 1223 3157 Protagorae,
1261 3093 1277 3132 e
1305 3024 1369 3135 loeo

260 3171 410 3258 prioribus
431 3173 526 3236 vicino
549 3175 673 3259 petitum
699 3163 768 3241 esse
797 3174 934 3262 putarim.
978 3174 1155 3238 Plutarchus
1179 3175 1284 3262 Symp.
1314 3174 1371 3242 Vll

262 3297 291 3360 p.
320 3277 393 3363 699,
409 3277 468 3342 Ars
484 3276 628 3344 Εὔπολιν
655 3275 711 3363 μὲν
739 3277 818 3364 γὰρ,
847 3277 1020 3364 emoritur,
1054 3279 1149 3362 πάρες
1176 3279 1210 3347 ἐν
1235 3280 1370 3362 Killaion

260 3381 400 3450 ειπόντπ·
689 3393 691 3400 “
725 3463 728 3477 ,
1249 3397 1254 3408 '
1345 3399 1348 3408 '

431 3527 540 3591 Illurtv
559 3523 619 3610 γὰρ
640 3521 658 3590 ὁ
682 3524 893 3610 Πρωταγόρας
913 3522 1057 3607 ἐκέλευεν,
1080 3528 1132 3593 ἵνα

350 3699 352 3706 s
425 3627 486 3715 πρὸ
505 3634 563 3696 τοῦ
583 3629 680 3706 κυνὸς
699 3626 755 3696 τὸν
775 3627 925 3716 πλεύμον’
949 3629 1081 3716 ἓνλυρον
1102 3637 1204 3724 φορῇ.Ι
1280 3669 1283 3677 ·

346 3761 514 3836 llaorohius
538 3769 658 3834 Saturu.
681 3769 755 3856 llll,
780 3772 833 3838 15:
855 3769 888 3834 lu
918 3772 1084 3856 pulmonem
1113 3771 1245 3838 defluere
1273 3789 1371 3860 potum

262 3897 317 3938 uec
338 3890 447 3961 poetae
468 3877 583 3940 nobiles
605 3877 761 3963 ignorant:
793 3877 837 3940 ait
864 3877 939 3940 enim
961 3877 1085 3962 Eupolis
1099 3877 1137 3953 ,iu
1157 3881 1276 3966 fabula,
1297 3902 1372 3966 quae

246 3982 443 4091 'inscribitur‘
461 3983 600 4048 Colaces:
639 3986 748 4050 Hivetv
773 3980 833 4067 μὰρ
861 3980 879 4048 ὁ
909 3987 968 4067 Πρ.
995 4023 1036 4036 --
1070 3983 1219 4070 πνεύμον’
1247 3985 1374 4060 ἔπλωον

289 4111 307 4154 ο
351 4139 357 4154 .

262 4111 430 4262 ‘illeille
452 4195 561 4262 Athen.
582 4197 605 4262 l.
628 4218 657 4284 p.
680 4197 773 4285 22,f,
803 4197 860 4283 qui,
873 4210 989 4284 partem
1008 4197 1064 4264 loci
1092 4198 1242 4264 servavit:
1271 4197 1375 4266 Elino-
