2938 4896
461 435 802 506 'ante

113 634 147 702 di
167 630 243 720 παρ’
271 628 424 700 Εὐκόλιιίἰ
444 629 526 696 ἐστιν
554 625 669 706 ἰᾶζοντι
699 625 734 692 ἐν
766 635 831 704 τοῖς
863 626 997 708 Κόλαξι·
1025 629 1091 696 κιιί
1124 629 1227 717 παρὰ

114 749 205 822 (trous
230 742 327 804 codex
348 735 447 804 ἀλλὰ
466 735 530 802 καί
550 730 666 816 παρὰ)
689 739 851 819 Σοφοκλεῖ
861 732 895 800 ἐν
914 739 958 822 τῷ
976 732 1086 802 Ἰοκλεῖ
1095 735 1227 821 λέγοντι·

9 877 10 922 ;
112 845 212 930 „elidii
232 847 286 912 καὶ
307 843 484 927 λινοῤῥαφῆ
505 844 640 906 velow
663 839 707 904 Tu
732 841 841 905 collato
857 841 921 927 ipso
935 829 1057 908 Polluce
1076 843 1142 928 vll,
1167 847 1227 912 192
1344 857 1347 866 ⁴

9 937 10 948 i
112 939 288 1039 Σοφοκλῆς
305 946 396 1034 δ’ἕφη
418 946 616 1031 ,,λινοῤῥαφῆ
636 948 766 1012 ινλεῑιι“
785 949 1024 1014 nostrumlocurn
1041 951 1083 1014 ita
1095 952 1227 1038 corrige,

112 1099 155 1109 —
179 1057 329 1138 Κόλαξιν·
351 1051 454 1121 ἀλλὰ
474 1051 542 1119 καί
562 1057 697 1118 cvl-eia
717 1050 803 1136 παρὰ
817 1059 978 1138 Σοφοκλεῖ
993 1053 1083 1146 ἐντῷ
1097 1058 1232 1123 Οἰκλεῖ
1344 1089 1346 1096 ·

112 1164 230 1252 λέγοντι
258 1162 455 1249 ,,λινορῆιιφῆ
481 1165 616 1226 κυλεῑα,“
659 1159 736 1224 Nam
765 1160 806 1222 io,x
822 1159 998 1248 Pausania,
1029 1163 1227 1250 Apollodoro,

115 1274 183 1339 eliis
211 1294 266 1359 pro
293 1271 376 1356 juste
402 1257 501 1333 form'e
526 1269 641 1349 Οἰκλῆς
664 1265 835 1351 plerumque
868 1267 981 1353 aliquot
1009 1269 1127 1334 codices
1159 1269 1231 1334 dant

10 1421 11 1424 =
112 1375 247 1464 Ἰοκλῆς,
280 1377 403 1441 fallente
433 1375 564 1438 dioecesi
581 1368 715 1456 Ὀἰκλῆς
758 1370 843 1456 Ergo
876 1373 907 1436 in
943 1373 1066 1439 Polluce
1103 1376 1229 1440 omnium

117 1488 267 1567 librorum,
287 1483 433 1566 scripture
460 1478 495 1546 ἐν
524 1484 567 1567 τῷ
593 1475 709 1544 ’uentu
735 1477 868 1562 profecto
898 1480 971 1545 nihil
1001 1480 1081 1545 aliud
1110 1491 1233 1546 estnec

120 1600 326 1678 potestesse,
351 1609 438 1674 quem
459 1588 516 1651 hoc
536 1587 631 1672 ipsum
654 1606 762 1648 nomeu
784 1580 818 1648 ἓν
844 1587 889 1671 τῷ
914 1585 1024 1650 Οἰκλελ
1067 1585 1131 1652 Iam
1154 1589 1229 1674 quod

12 1765 14 1772 ¹
120 1696 257 1781 Heyuios
279 1693 317 1758 ed
338 1693 551 1778 Apollodorum
573 1691 615 1777 ll,
639 1693 670 1776 6,
693 1693 714 1756 4
736 1711 764 1775 p.
789 1688 848 1756 183
870 1690 1001 1777 scripsit,
1024 1691 1118 1757 foisse
1141 1695 1231 1760 etiam

119 1801 248 1866 fabulam
276 1799 435 1887 Sophoclis
459 1798 590 1884 ilicium,
614 1798 645 1863 id
666 1796 746 1860 houd
768 1794 854 1859 dubie
878 1818 917 1860 ex
939 1798 995 1860 hoc
1016 1799 1082 1884 ipso
1099 1798 1232 1866 Pollucis

119 1910 183 1973 loco
206 1920 287 1972 recte
310 1906 502 1990 collegerat·
528 1903 632 1989 Nuper
652 1902 767 1969 demum
789 1901 914 1965 alterum
942 1905 1070 1968 accessit
1097 1913 1230 1970 testimo-

119 2013 198 2077 uium
221 2010 404 2075 scholiastae
426 2009 465 2091 od
485 2009 563 2094 qu.
585 2031 616 2077 v.
637 2009 711 2095 496,
734 2029 793 2092 quo
813 2007 843 2070 in
864 2008 929 2072 loco
952 2005 1033 2074 bene
1051 2009 1143 2075 edidit
1156 2011 1229 2076 Dio-

121 2119 245 2204 dorfius,
267 2112 352 2201 κίαριί
371 2111 407 2182 τὸ
430 2112 628 2199 Σοφόκλειον
648 2111 679 2192 ἐξ
696 2110 854 2189 Οἰκλέους.
877 2113 940 2178 Pro
967 2113 1114 2193 Οἰκλέους
1124 2117 1232 2182 Aldina

122 2226 213 2290 hebet
232 2220 361 2304 Ἰολάου,
377 2223 508 2288 Venetus
523 2221 627 2284 dicitur
641 2220 754 2283 habere
770 2217 897 2301 ἰολέους,
920 2243 993 2286 vere
1009 2234 1107 2288 eutem
1127 2225 1231 2311 hebet,

123 2332 180 2396 nisi
209 2331 315 2410 fallor,
346 2325 492 2402 ἰοκλέους.
536 2324 671 2409 Denique
694 2325 723 2387 iu
745 2325 901 2410 Hesychio
923 2350 948 2392 s.
972 2329 1117 2412 Χεροεύει
1139 2332 1234 2395 codex

121 2526 141 2568 c
164 2505 258 2588 prima
271 2524 357 2568 manu
370 2502 420 2566 det
437 2502 606 2584 Σοφοκλῆς
613 2449 702 2564 οἰονιῗ
704 2454 776 2562 ‘Hic
792 2498 930 2565 Musurus
952 2506 1121 2588 Σοφοκλῆς
1134 2501 1232 2590 Ἴωνι,

123 2610 279 2676 Schowios
302 2621 332 2674 et
352 2607 523 2674 llindorfius
566 2607 736 2690 Σοφοκλῆς
753 2607 843 2675 Οἰνεῖ
861 2608 1027 2691 conjiciunt
1071 2610 1139 2696 Ego
1161 2635 1234 2677 vero

124 2715 170 2779 hic
192 2739 307 2803 quoque
329 2716 459 2780 seribere
481 2715 580 2776 malim
602 2715 773 2812 Σοφοκλῆς
792 2713 902 2776 Οἰκλεῑ.

550 3089 613 3097 μ.
626 3087 822 3094 .-.....--..-

388 3342 451 3409 Peg.
473 3344 514 3409 ll,
534 3341 550 3394 l.
569 3343 585 3397 6
603 3362 617 3394 s
638 3341 688 3395 due
707 3342 820 3411 corriges
839 3347 963 3396 τίλλεται.
