<?xml version="1.0" encoding="UTF-8"?>
<!DOCTYPE html PUBLIC "-//W3C//DTD XHTML 1.0 Transitional//EN"
    "http://www.w3.org/TR/xhtml1/DTD/xhtml1-transitional.dtd">
<html xmlns="http://www.w3.org/1999/xhtml" xml:lang="en" lang="en">
 <head>
  <title>
</title>
<meta http-equiv="Content-Type" content="text/html;charset=utf-8" />
  <meta name='ocr-system' content='tesseract 3.04.00' />
  <meta name='ocr-capabilities' content='ocr_page ocr_carea ocr_par ocr_line ocrx_word'/>
</head>
<body>
  <div class='ocr_page' id='page_1' title='image "./deeupolidisadul00eupogoog_0070.png"; bbox 0 0 2938 4896; ppageno 0'>
   <div class='ocr_carea' id='block_1_1' title="bbox 542 409 800 484">
    <p class='ocr_par' dir='ltr' id='par_1_1' title="bbox 542 409 800 484">
     <span class='ocr_line' id='line_1_1' title="bbox 542 409 800 484; baseline -0.008 -10"><span class='ocrx_word' id='word_1_1' title='bbox 542 409 800 484; x_wconf 55' lang='grc' dir='ltr'><strong>-ιιθὸιν</strong></span> 
     </span>
    </p>
   </div>
   <div class='ocr_carea' id='block_1_2' title="bbox 113 593 1230 792">
    <p class='ocr_par' dir='ltr' id='par_1_2' title="bbox 113 593 1230 792">
     <span class='ocr_line' id='line_1_2' title="bbox 114 593 1230 686; baseline 0.002 -22"><span class='ocrx_word' id='word_1_2' title='bbox 114 599 280 668; x_wconf 75' lang='lat' dir='ltr'>circitorum</span> <span class='ocrx_word' id='word_1_3' title='bbox 303 598 461 684; x_wconf 80' lang='lat' dir='ltr'><strong>aliquando</strong></span> <span class='ocrx_word' id='word_1_4' title='bbox 484 597 666 684; x_wconf 84' lang='lat' dir='ltr'><strong>praefectum</strong></span> <span class='ocrx_word' id='word_1_5' title='bbox 689 595 840 686; x_wconf 85' lang='lat' dir='ltr'><strong>(Thocyl.</strong></span> <span class='ocrx_word' id='word_1_6' title='bbox 860 593 954 684; x_wconf 87' lang='lat' dir='ltr'>&#39;v111,</span> <span class='ocrx_word' id='word_1_7' title='bbox 982 595 1164 684; x_wconf 76' lang='lat' dir='ltr'><strong>92“Eppmo</strong></span> <span class='ocrx_word' id='word_1_8' title='bbox 1183 623 1230 676; x_wconf 77' lang='grc' dir='ltr'><strong>τις</strong></span> 
     </span>
     <span class='ocr_line' id='line_1_3' title="bbox 113 700 1040 792; baseline -0.002 -20"><span class='ocrx_word' id='word_1_9' title='bbox 113 707 179 772; x_wconf 67' lang='grc' dir='ltr'><strong>τῶν</strong></span> <span class='ocrx_word' id='word_1_10' title='bbox 198 702 374 790; x_wconf 70' lang='grc' dir='ltr'><strong>περιπόλων</strong></span> <span class='ocrx_word' id='word_1_11' title='bbox 392 707 457 772; x_wconf 75' lang='grc' dir='ltr'><strong>τῶν</strong></span> <span class='ocrx_word' id='word_1_12' title='bbox 477 703 680 792; x_wconf 74' lang='grc' dir='ltr'><strong>Μιυνιιχιάσι</strong></span> <span class='ocrx_word' id='word_1_13' title='bbox 699 700 892 788; x_wconf 75' lang='grc' dir='ltr'><strong><em>τεταγμένων</em></strong></span> <span class='ocrx_word' id='word_1_14' title='bbox 912 700 1040 790; x_wconf 69' lang='grc' dir='ltr'><strong>ἄρχων).</strong></span> 
     </span>
    </p>
   </div>
   <div class='ocr_carea' id='block_1_3' title="bbox 500 874 856 960">
    <p class='ocr_par' dir='ltr' id='par_1_3' title="bbox 500 874 856 960">
     <span class='ocr_line' id='line_1_4' title="bbox 500 874 856 960; baseline 0 -2"><span class='ocrx_word' id='word_1_15' title='bbox 500 875 645 959; x_wconf 87' lang='lat' dir='ltr'><strong>ledit.</strong></span> <span class='ocrx_word' id='word_1_16' title='bbox 679 874 856 960; x_wconf 88' lang='lat' dir='ltr'><strong>Meinek.</strong></span> 
     </span>
    </p>
   </div>
   <div class='ocr_carea' id='block_1_4' title="bbox 83 1021 1322 1745">
    <p class='ocr_par' dir='ltr' id='par_1_4' title="bbox 83 1021 1322 1745">
     <span class='ocr_line' id='line_1_5' title="bbox 83 1021 1228 1114; baseline 0.002 -26"><span class='ocrx_word' id='word_1_17' title='bbox 83 1095 89 1114; x_wconf 38' lang='grc' dir='ltr'>Ι</span> <span class='ocrx_word' id='word_1_18' title='bbox 201 1023 355 1110; x_wconf 77' lang='lat' dir='ltr'>Eupolidis</span> <span class='ocrx_word' id='word_1_19' title='bbox 385 1023 464 1110; x_wconf 84' lang='lat' dir='ltr'><strong>apud</strong></span> <span class='ocrx_word' id='word_1_20' title='bbox 494 1021 681 1089; x_wconf 77' lang='lat' dir='ltr'><strong>Athenaeum</strong></span> <span class='ocrx_word' id='word_1_21' title='bbox 709 1021 752 1088; x_wconf 89' lang='lat' dir='ltr'><strong>Vl</strong></span> <span class='ocrx_word' id='word_1_22' title='bbox 781 1045 812 1111; x_wconf 88' lang='lat' dir='ltr'><strong>p.</strong></span> <span class='ocrx_word' id='word_1_23' title='bbox 840 1021 940 1110; x_wconf 64' lang='lat' dir='ltr'><strong>teme</strong></span> <span class='ocrx_word' id='word_1_24' title='bbox 966 1025 1048 1092; x_wconf 84' lang='lat' dir='ltr'><strong>locus</strong></span> <span class='ocrx_word' id='word_1_25' title='bbox 1080 1025 1118 1089; x_wconf 81' lang='lat' dir='ltr'><strong>ab</strong></span> <span class='ocrx_word' id='word_1_26' title='bbox 1147 1023 1228 1090; x_wconf 89' lang='lat' dir='ltr'><strong>Her-</strong></span> 
     </span>
     <span class='ocr_line' id='line_1_6' title="bbox 118 1129 1250 1217; baseline 0.001 -23"><span class='ocrx_word' id='word_1_27' title='bbox 118 1131 225 1194; x_wconf 82' lang='lat' dir='ltr'><strong>manno</strong></span> <span class='ocrx_word' id='word_1_28' title='bbox 241 1143 330 1216; x_wconf 81' lang='lat' dir='ltr'><strong>atque</strong></span> <span class='ocrx_word' id='word_1_29' title='bbox 345 1131 487 1196; x_wconf 88' lang='lat' dir='ltr'><strong>Porsono</strong></span> <span class='ocrx_word' id='word_1_30' title='bbox 509 1129 636 1217; x_wconf 77' lang='lat' dir='ltr'><strong>egregie</strong></span> <span class='ocrx_word' id='word_1_31' title='bbox 658 1143 808 1194; x_wconf 80' lang='lat' dir='ltr'><strong>correctos</strong></span> <span class='ocrx_word' id='word_1_32' title='bbox 830 1142 886 1193; x_wconf 87' lang='lat' dir='ltr'><strong>est.</strong></span> <span class='ocrx_word' id='word_1_33' title='bbox 914 1129 977 1194; x_wconf 86' lang='lat' dir='ltr'><strong>Sed</strong></span> <span class='ocrx_word' id='word_1_34' title='bbox 991 1131 1125 1217; x_wconf 79' lang='lat' dir='ltr'><strong>ignotum</strong></span> <span class='ocrx_word' id='word_1_35' title='bbox 1142 1131 1230 1196; x_wconf 85' lang='lat' dir='ltr'><strong>istum</strong></span> <span class='ocrx_word' id='word_1_36' title='bbox 1247 1180 1250 1185; x_wconf 84' lang='lat'>-</span> 
     </span>
     <span class='ocr_line' id='line_1_7' title="bbox 118 1235 1229 1323; baseline -0.003 -20"><span class='ocrx_word' id='word_1_37' title='bbox 118 1237 251 1303; x_wconf 78' lang='lat' dir='ltr'><strong>Oeneum</strong></span> <span class='ocrx_word' id='word_1_38' title='bbox 273 1257 303 1301; x_wconf 84' lang='lat' dir='ltr'><strong>v.</strong></span> <span class='ocrx_word' id='word_1_39' title='bbox 327 1237 366 1304; x_wconf 85' lang='grc'><strong>16</strong></span> <span class='ocrx_word' id='word_1_40' title='bbox 387 1237 530 1302; x_wconf 73' lang='lat' dir='ltr'>fortassis</span> <span class='ocrx_word' id='word_1_41' title='bbox 553 1261 570 1301; x_wconf 91' lang='lat' dir='ltr'><strong>e</strong></span> <span class='ocrx_word' id='word_1_42' title='bbox 591 1235 724 1301; x_wconf 81' lang='lat' dir='ltr'><strong>tenebris</strong></span> <span class='ocrx_word' id='word_1_43' title='bbox 747 1255 860 1302; x_wconf 87' lang='lat' dir='ltr'><strong>eruam.</strong></span> <span class='ocrx_word' id='word_1_44' title='bbox 897 1235 941 1300; x_wconf 82' lang='lat' dir='ltr'><strong>Ac</strong></span> <span class='ocrx_word' id='word_1_45' title='bbox 961 1236 1085 1323; x_wconf 89' lang='lat' dir='ltr'><strong>primum</strong></span> <span class='ocrx_word' id='word_1_46' title='bbox 1109 1235 1229 1302; x_wconf 81' lang='lat' dir='ltr'><strong>lleneuc</strong></span> 
     </span>
     <span class='ocr_line' id='line_1_8' title="bbox 116 1341 1229 1428; baseline 0 -22"><span class='ocrx_word' id='word_1_47' title='bbox 116 1347 183 1406; x_wconf 65' lang='lat' dir='ltr'><strong>non*</strong></span> <span class='ocrx_word' id='word_1_48' title='bbox 195 1341 306 1426; x_wconf 85' lang='lat' dir='ltr'><strong>justum</strong></span> <span class='ocrx_word' id='word_1_49' title='bbox 327 1363 447 1428; x_wconf 77' lang='lat' dir='ltr'><strong>nomen,</strong></span> <span class='ocrx_word' id='word_1_50' title='bbox 471 1343 524 1408; x_wconf 83' lang='lat' dir='ltr'><strong>sed</strong></span> <span class='ocrx_word' id='word_1_51' title='bbox 544 1351 658 1408; x_wconf 86' lang='lat' dir='ltr'><strong>lantum</strong></span> <span class='ocrx_word' id='word_1_52' title='bbox 672 1361 838 1428; x_wconf 81' lang='lat' dir='ltr'><strong>cognomen</strong></span> <span class='ocrx_word' id='word_1_53' title='bbox 860 1341 955 1408; x_wconf 84' lang='lat' dir='ltr'><strong>fuisse</strong></span> <span class='ocrx_word' id='word_1_54' title='bbox 970 1342 1087 1407; x_wconf 80' lang='lat' dir='ltr'><strong>videtur</strong></span> <span class='ocrx_word' id='word_1_55' title='bbox 1107 1341 1229 1427; x_wconf 79' lang='lat' dir='ltr'><strong>alionjum</strong></span> 
     </span>
     <span class='ocr_line' id='line_1_9' title="bbox 115 1445 1229 1534; baseline -0.001 -22"><span class='ocrx_word' id='word_1_56' title='bbox 115 1448 243 1534; x_wconf 85' lang='lat' dir='ltr'><strong>potoris.</strong></span> <span class='ocrx_word' id='word_1_57' title='bbox 286 1445 363 1514; x_wconf 86' lang='lat' dir='ltr'><strong>Num</strong></span> <span class='ocrx_word' id='word_1_58' title='bbox 384 1449 537 1515; x_wconf 84' lang='lat' dir='ltr'><strong>fabulosus</strong></span> <span class='ocrx_word' id='word_1_59' title='bbox 559 1449 681 1516; x_wconf 79' lang='lat' dir='ltr'><strong>Oeneos</strong></span> <span class='ocrx_word' id='word_1_60' title='bbox 702 1447 888 1512; x_wconf 83' lang='lat' dir='ltr'><strong>Porthaonis</strong></span> <span class='ocrx_word' id='word_1_61' title='bbox 915 1447 991 1513; x_wconf 83' lang='lat' dir='ltr'><strong>filius</strong></span> <span class='ocrx_word' id='word_1_62' title='bbox 1015 1470 1072 1513; x_wconf 85' lang='lat' dir='ltr'><strong>rex</strong></span> <span class='ocrx_word' id='word_1_63' title='bbox 1092 1447 1229 1534; x_wconf 69' lang='lat' dir='ltr'><strong>Calydo-</strong></span> 
     </span>
     <span class='ocr_line' id='line_1_10' title="bbox 116 1547 1322 1636; baseline 0 -18"><span class='ocrx_word' id='word_1_64' title='bbox 116 1554 163 1618; x_wconf 87' lang='lat' dir='ltr'><strong>nis</strong></span> <span class='ocrx_word' id='word_1_65' title='bbox 185 1575 293 1620; x_wconf 89' lang='lat' dir='ltr'><strong>nomen</strong></span> <span class='ocrx_word' id='word_1_66' title='bbox 316 1577 398 1618; x_wconf 87' lang='lat' dir='ltr'><strong>suom</strong></span> <span class='ocrx_word' id='word_1_67' title='bbox 420 1555 544 1618; x_wconf 80' lang='lat' dir='ltr'><strong>toxica</strong></span> <span class='ocrx_word' id='word_1_68' title='bbox 566 1547 759 1635; x_wconf 67' lang='lat' dir='ltr'><strong>rosseleon,</strong></span> <span class='ocrx_word' id='word_1_69' title='bbox 789 1552 825 1615; x_wconf 82' lang='lat' dir='ltr'><strong>ule</strong></span> <span class='ocrx_word' id='word_1_70' title='bbox 851 1571 909 1636; x_wconf 83' lang='lat' dir='ltr'><strong>qua</strong></span> <span class='ocrx_word' id='word_1_71' title='bbox 936 1575 971 1616; x_wconf 90' lang='lat' dir='ltr'><strong>re</strong></span> <span class='ocrx_word' id='word_1_72' title='bbox 998 1551 1173 1616; x_wconf 72' lang='lat' dir='ltr'>Athenaeus</span> <span class='ocrx_word' id='word_1_73' title='bbox 1199 1552 1249 1618; x_wconf 77' lang='lat' dir='ltr'><strong>ll&#39;</strong></span> <span class='ocrx_word' id='word_1_74' title='bbox 1318 1548 1322 1555; x_wconf 66' lang='grc'><strong>’</strong></span> 
     </span>
     <span class='ocr_line' id='line_1_11' title="bbox 115 1647 1229 1745; baseline -0.003 -20"><span class='ocrx_word' id='word_1_75' title='bbox 115 1679 145 1744; x_wconf 88' lang='lat' dir='ltr'><strong>p.</strong></span> <span class='ocrx_word' id='word_1_76' title='bbox 168 1659 237 1725; x_wconf 76' lang='lat' dir='ltr'><strong>aaa</strong></span> <span class='ocrx_word' id='word_1_77' title='bbox 264 1659 333 1724; x_wconf 88' lang='lat' dir='ltr'><strong>eth</strong></span> <span class='ocrx_word' id='word_1_78' title='bbox 363 1666 451 1745; x_wconf 87' lang='lat' dir='ltr'><strong>atque</strong></span> <span class='ocrx_word' id='word_1_79' title='bbox 482 1647 683 1744; x_wconf 80' lang='lat' dir='ltr'><strong>Apollodorus</strong></span> <span class='ocrx_word' id='word_1_80' title='bbox 710 1657 786 1722; x_wconf 89' lang='lat' dir='ltr'><strong>Bihl.</strong></span> <span class='ocrx_word' id='word_1_81' title='bbox 808 1655 835 1740; x_wconf 84' lang='lat' dir='ltr'><strong>l,</strong></span> <span class='ocrx_word' id='word_1_82' title='bbox 856 1658 889 1741; x_wconf 80' lang='lat'><strong>8,</strong></span> <span class='ocrx_word' id='word_1_83' title='bbox 925 1658 941 1725; x_wconf 92' lang='lat'>1</span> <span class='ocrx_word' id='word_1_84' title='bbox 964 1658 1051 1742; x_wconf 82' lang='lat' dir='ltr'><strong>plura</strong></span> <span class='ocrx_word' id='word_1_85' title='bbox 1080 1657 1229 1724; x_wconf 85' lang='lat' dir='ltr'><strong>dixerunt.</strong></span> 
     </span>
    </p>
   </div>
   <div class='ocr_carea' id='block_1_5' title="bbox 115 1762 1332 1850">
    <p class='ocr_par' dir='ltr' id='par_1_5' title="bbox 115 1762 1332 1850">
     <span class='ocr_line' id='line_1_12' title="bbox 115 1762 1332 1850; baseline 0.005 -22"><span class='ocrx_word' id='word_1_86' title='bbox 115 1762 179 1828; x_wconf 89' lang='lat' dir='ltr'><strong>lam</strong></span> <span class='ocrx_word' id='word_1_87' title='bbox 200 1785 274 1828; x_wconf 81' lang='lat' dir='ltr'><strong>vero</strong></span> <span class='ocrx_word' id='word_1_88' title='bbox 295 1763 420 1849; x_wconf 77' lang='lat' dir='ltr'><strong>Eupolis</strong></span> <span class='ocrx_word' id='word_1_89' title='bbox 451 1763 482 1830; x_wconf 92' lang='lat' dir='ltr'><strong>in</strong></span> <span class='ocrx_word' id='word_1_90' title='bbox 504 1763 680 1830; x_wconf 77' lang='lat' dir='ltr'><strong>Civitatibus</strong></span> <span class='ocrx_word' id='word_1_91' title='bbox 708 1784 757 1849; x_wconf 92' lang='lat' dir='ltr'><strong>ap.</strong></span> <span class='ocrx_word' id='word_1_92' title='bbox 780 1763 873 1828; x_wconf 88' lang='lat' dir='ltr'><strong>schol.</strong></span> <span class='ocrx_word' id='word_1_93' title='bbox 905 1763 943 1828; x_wconf 79' lang='lat' dir='ltr'><strong>au</strong></span> <span class='ocrx_word' id='word_1_94' title='bbox 963 1763 1069 1829; x_wconf 89' lang='lat' dir='ltr'><strong>Ranas</strong></span> <span class='ocrx_word' id='word_1_95' title='bbox 1096 1785 1126 1827; x_wconf 86' lang='lat' dir='ltr'><strong>v.</strong></span> <span class='ocrx_word' id='word_1_96' title='bbox 1150 1764 1229 1834; x_wconf 80' lang='lat'>1561</span> <span class='ocrx_word' id='word_1_97' title='bbox 1330 1845 1332 1850; x_wconf 23' lang='lat'><strong>¹</strong></span> 
     </span>
    </p>
   </div>
   <div class='ocr_carea' id='block_1_6' title="bbox 33 1867 1298 4174">
    <p class='ocr_par' dir='ltr' id='par_1_6' title="bbox 33 1867 1294 3646">
     <span class='ocr_line' id='line_1_13' title="bbox 103 1867 1230 1960; baseline 0 -26"><span class='ocrx_word' id='word_1_98' title='bbox 103 1867 306 1960; x_wconf 57' lang='lat' dir='ltr'><strong>xPorthaonis</strong></span> <span class='ocrx_word' id='word_1_99' title='bbox 328 1870 417 1934; x_wconf 91' lang='lat' dir='ltr'><strong>lilium</strong></span> <span class='ocrx_word' id='word_1_100' title='bbox 448 1871 485 1955; x_wconf 91' lang='lat' dir='ltr'><strong>(i.</strong></span> <span class='ocrx_word' id='word_1_101' title='bbox 508 1895 535 1936; x_wconf 90' lang='lat' dir='ltr'><strong>e.</strong></span> <span class='ocrx_word' id='word_1_102' title='bbox 559 1871 707 1952; x_wconf 81' lang='lat' dir='ltr'><strong>Oeneum)</strong></span> <span class='ocrx_word' id='word_1_103' title='bbox 735 1868 829 1933; x_wconf 87' lang='lat' dir='ltr'><strong>luisse</strong></span> <span class='ocrx_word' id='word_1_104' title='bbox 855 1868 942 1932; x_wconf 84' lang='lat' dir='ltr'><strong>linxit</strong></span> <span class='ocrx_word' id='word_1_105' title='bbox 969 1867 1230 1954; x_wconf 88' lang='lat' dir='ltr'><strong>Leucolophidem.</strong></span> 
     </span>
     <span class='ocr_line' id='line_1_14' title="bbox 118 1971 1231 2061; baseline 0 -21"><span class='ocrx_word' id='word_1_106' title='bbox 118 1973 197 2040; x_wconf 90' lang='lat' dir='ltr'><strong>Hinc</strong></span> <span class='ocrx_word' id='word_1_107' title='bbox 217 1975 361 2060; x_wconf 80' lang='lat' dir='ltr'><strong>colligere</strong></span> <span class='ocrx_word' id='word_1_108' title='bbox 382 1975 468 2061; x_wconf 76' lang='lat' dir='ltr'><strong>licet,</strong></span> <span class='ocrx_word' id='word_1_109' title='bbox 491 1973 743 2060; x_wconf 82' lang='lat' dir='ltr'><strong>Leucolophielem</strong></span> <span class='ocrx_word' id='word_1_110' title='bbox 770 1973 948 2059; x_wconf 76' lang='lat' dir='ltr'><strong>cognomine</strong></span> <span class='ocrx_word' id='word_1_111' title='bbox 971 1971 1231 2040; x_wconf 80' lang='lat' dir='ltr'><strong>Oeneum-(lictum</strong></span> 
     </span>
     <span class='ocr_line' id='line_1_15' title="bbox 114 2078 1231 2168; baseline 0.004 -24"><span class='ocrx_word' id='word_1_112' title='bbox 114 2079 209 2146; x_wconf 86' lang='lat' dir='ltr'><strong>fuisse</strong></span> <span class='ocrx_word' id='word_1_113' title='bbox 238 2089 339 2168; x_wconf 84' lang='lat' dir='ltr'><strong>utpote</strong></span> <span class='ocrx_word' id='word_1_114' title='bbox 370 2093 517 2168; x_wconf 86' lang='lat' dir='ltr'><strong>potorem.</strong></span> <span class='ocrx_word' id='word_1_115' title='bbox 563 2079 677 2157; x_wconf 79' lang='lat' dir='ltr'><strong>Quodsi</strong></span> <span class='ocrx_word' id='word_1_116' title='bbox 701 2080 790 2146; x_wconf 79' lang='grc' dir='ltr'><strong><em>Οἰνεῖ</em></strong></span> <span class='ocrx_word' id='word_1_117' title='bbox 807 2094 888 2146; x_wconf 87' lang='lat' dir='ltr'><strong>recte</strong></span> <span class='ocrx_word' id='word_1_118' title='bbox 915 2078 954 2145; x_wconf 85' lang='lat' dir='ltr'><strong>ad</strong></span> <span class='ocrx_word' id='word_1_119' title='bbox 978 2078 1231 2167; x_wconf 86' lang='lat' dir='ltr'><strong>Leucolophidem</strong></span> 
     </span>
     <span class='ocr_line' id='line_1_16' title="bbox 116 2186 1230 2273; baseline 0.001 -20"><span class='ocrx_word' id='word_1_120' title='bbox 116 2187 221 2253; x_wconf 83' lang='lat' dir='ltr'><strong>retuli:</strong></span> <span class='ocrx_word' id='word_1_121' title='bbox 249 2188 383 2273; x_wconf 83' lang='lat' dir='ltr'><strong>sequitur</strong></span> <span class='ocrx_word' id='word_1_122' title='bbox 405 2187 490 2254; x_wconf 89' lang='lat' dir='ltr'><strong>hunc</strong></span> <span class='ocrx_word' id='word_1_123' title='bbox 516 2186 643 2252; x_wconf 84' lang='lat' dir='ltr'><strong>Athenis</strong></span> <span class='ocrx_word' id='word_1_124' title='bbox 671 2187 813 2253; x_wconf 83' lang='lat' dir='ltr'><strong>lotarium</strong></span> <span class='ocrx_word' id='word_1_125' title='bbox 844 2186 893 2251; x_wconf 90' lang='lat' dir='ltr'><strong>vel</strong></span> <span class='ocrx_word' id='word_1_126' title='bbox 920 2187 1049 2260; x_wconf 79' lang='lat' dir='ltr'><strong>carceris</strong></span> <span class='ocrx_word' id='word_1_127' title='bbox 1080 2187 1230 2254; x_wconf 83' lang='lat' dir='ltr'><strong>custodem</strong></span> 
     </span>
     <span class='ocr_line' id='line_1_17' title="bbox 115 2283 1230 2380; baseline 0.004 -24"><span class='ocrx_word' id='word_1_128' title='bbox 115 2292 221 2358; x_wconf 86' lang='lat' dir='ltr'><strong>luisse.</strong></span> <span class='ocrx_word' id='word_1_129' title='bbox 273 2293 410 2357; x_wconf 75' lang='lat' dir='ltr'><strong>Ueterum</strong></span> <span class='ocrx_word' id='word_1_130' title='bbox 438 2293 469 2357; x_wconf 96' lang='lat' dir='ltr'><strong>hi</strong></span> <span class='ocrx_word' id='word_1_131' title='bbox 497 2291 626 2357; x_wconf 82' lang='lat' dir='ltr'><strong>sedecim</strong></span> <span class='ocrx_word' id='word_1_132' title='bbox 653 2313 760 2358; x_wconf 84' lang='lat' dir='ltr'><strong>versus</strong></span> <span class='ocrx_word' id='word_1_133' title='bbox 789 2283 826 2358; x_wconf 80' lang='lat' dir='ltr'><strong>aul</strong></span> <span class='ocrx_word' id='word_1_134' title='bbox 855 2307 942 2378; x_wconf 84' lang='lat' dir='ltr'><strong>quam</strong></span> <span class='ocrx_word' id='word_1_135' title='bbox 967 2293 1088 2360; x_wconf 82' lang='lat' dir='ltr'><strong>fabulae</strong></span> <span class='ocrx_word' id='word_1_136' title='bbox 1115 2307 1230 2380; x_wconf 77' lang='lat' dir='ltr'><strong>partem</strong></span> 
     </span>
     <span class='ocr_line' id='line_1_18' title="bbox 115 2397 1231 2486; baseline 0.002 -22"><span class='ocrx_word' id='word_1_137' title='bbox 115 2398 305 2485; x_wconf 76' lang='lat' dir='ltr'><strong>pertineant,</strong></span> <span class='ocrx_word' id='word_1_138' title='bbox 339 2399 417 2486; x_wconf 85' lang='lat' dir='ltr'><strong>sugit</strong></span> <span class='ocrx_word' id='word_1_139' title='bbox 442 2399 625 2465; x_wconf 89' lang='lat' dir='ltr'><strong>Meinekiom</strong></span> <span class='ocrx_word' id='word_1_140' title='bbox 653 2397 776 2486; x_wconf 80' lang='lat' dir='ltr'><strong>Fragor.</strong></span> <span class='ocrx_word' id='word_1_141' title='bbox 806 2399 888 2463; x_wconf 81' lang='lat' dir='ltr'><strong>Com.</strong></span> <span class='ocrx_word' id='word_1_142' title='bbox 911 2397 987 2463; x_wconf 90' lang='lat' dir='ltr'><strong>Il.l</strong></span> <span class='ocrx_word' id='word_1_143' title='bbox 1016 2419 1046 2484; x_wconf 91' lang='lat' dir='ltr'><strong>p.</strong></span> <span class='ocrx_word' id='word_1_144' title='bbox 1068 2401 1147 2486; x_wconf 75' lang='lat'><strong>485,</strong></span> <span class='ocrx_word' id='word_1_145' title='bbox 1171 2421 1231 2466; x_wconf 91' lang='lat' dir='ltr'><strong>nou</strong></span> 
     </span>
     <span class='ocr_line' id='line_1_19' title="bbox 115 2503 1232 2591; baseline 0.003 -24"><span class='ocrx_word' id='word_1_146' title='bbox 115 2504 186 2568; x_wconf 88' lang='lat' dir='ltr'><strong>item</strong></span> <span class='ocrx_word' id='word_1_147' title='bbox 207 2503 371 2590; x_wconf 79' lang='lat' dir='ltr'><strong>Bergidum</strong></span> <span class='ocrx_word' id='word_1_148' title='bbox 392 2503 440 2568; x_wconf 89' lang='lat' dir='ltr'><strong>De</strong></span> <span class='ocrx_word' id='word_1_149' title='bbox 454 2504 596 2570; x_wconf 76' lang='lat' dir='ltr'><strong>Comoetl.</strong></span> <span class='ocrx_word' id='word_1_150' title='bbox 618 2524 647 2591; x_wconf 90' lang='lat' dir='ltr'><strong>p.</strong></span> <span class='ocrx_word' id='word_1_151' title='bbox 661 2505 735 2590; x_wconf 78' lang='lat'>340,</span> <span class='ocrx_word' id='word_1_152' title='bbox 758 2503 807 2590; x_wconf 87' lang='lat' dir='ltr'><strong>qui</strong></span> <span class='ocrx_word' id='word_1_153' title='bbox 827 2504 977 2591; x_wconf 76' lang='lat' dir='ltr'><strong>integrum</strong></span> <span class='ocrx_word' id='word_1_154' title='bbox 991 2503 1049 2569; x_wconf 88' lang='lat' dir='ltr'><strong>sibi</strong></span> <span class='ocrx_word' id='word_1_155' title='bbox 1061 2505 1232 2591; x_wconf 79' lang='lat' dir='ltr'><strong>epirrhema</strong></span> 
     </span>
     <span class='ocr_line' id='line_1_20' title="bbox 117 2609 1294 2696; baseline 0 -21"><span class='ocrx_word' id='word_1_156' title='bbox 117 2631 285 2696; x_wconf 83' lang='lat' dir='ltr'><strong>agnoscere</strong></span> <span class='ocrx_word' id='word_1_157' title='bbox 306 2611 389 2674; x_wconf 85' lang='lat' dir='ltr'><strong>visus</strong></span> <span class='ocrx_word' id='word_1_158' title='bbox 412 2617 468 2677; x_wconf 85' lang='lat' dir='ltr'><strong>est.</strong></span> <span class='ocrx_word' id='word_1_159' title='bbox 510 2611 603 2676; x_wconf 88' lang='lat' dir='ltr'><strong>lmmo</strong></span> <span class='ocrx_word' id='word_1_160' title='bbox 633 2617 680 2675; x_wconf 78' lang='lat' dir='ltr'><strong>est</strong></span> <span class='ocrx_word' id='word_1_161' title='bbox 701 2609 926 2696; x_wconf 83' lang='lat' dir='ltr'><strong>antepirrhemu</strong></span> <span class='ocrx_word' id='word_1_162' title='bbox 952 2609 1120 2696; x_wconf 76' lang='lat' dir='ltr'><strong>integr-om,</strong></span> <span class='ocrx_word' id='word_1_163' title='bbox 1152 2610 1229 2696; x_wconf 84' lang='lat' dir='ltr'><strong>quod</strong></span> <span class='ocrx_word' id='word_1_164' title='bbox 1290 2621 1294 2628; x_wconf 90' lang='grc'><strong><em>’</em></strong></span> 
     </span>
     <span class='ocr_line' id='line_1_21' title="bbox 115 2701 1228 2804; baseline 0.001 -24"><span class='ocrx_word' id='word_1_165' title='bbox 115 2723 196 2781; x_wconf 87' lang='lat' dir='ltr'><strong>recle</strong></span> <span class='ocrx_word' id='word_1_166' title='bbox 218 2717 351 2804; x_wconf 89' lang='lat' dir='ltr'><strong>incipere</strong></span> <span class='ocrx_word' id='word_1_167' title='bbox 373 2717 470 2804; x_wconf 90' lang='lat' dir='ltr'><strong>potuit</strong></span> <span class='ocrx_word' id='word_1_168' title='bbox 491 2718 530 2780; x_wconf 81' lang='lat' dir='ltr'><strong>ah</strong></span> <span class='ocrx_word' id='word_1_169' title='bbox 546 2712 646 2781; x_wconf 79' lang='grc' dir='ltr'><strong><em>Ἀλλά.</em></strong></span> <span class='ocrx_word' id='word_1_170' title='bbox 683 2713 761 2792; x_wconf 76' lang='lat' dir='ltr'><strong>Quin</strong></span> <span class='ocrx_word' id='word_1_171' title='bbox 783 2715 823 2779; x_wconf 76' lang='lat' dir='ltr'><strong>ael</strong></span> <span class='ocrx_word' id='word_1_172' title='bbox 837 2701 901 2779; x_wconf 53' lang='lat' dir='ltr'><strong>&#39;hoc</strong></span> <span class='ocrx_word' id='word_1_173' title='bbox 927 2715 1023 2802; x_wconf 86' lang='lat' dir='ltr'><strong>ipsum</strong></span> <span class='ocrx_word' id='word_1_174' title='bbox 1050 2728 1111 2782; x_wconf 84' lang='lat' dir='ltr'><strong>tam</strong></span> <span class='ocrx_word' id='word_1_175' title='bbox 1140 2717 1228 2781; x_wconf 81' lang='lat' dir='ltr'><strong>abru-</strong></span> 
     </span>
     <span class='ocr_line' id='line_1_22' title="bbox 115 2817 1230 2909; baseline 0.001 -23"><span class='ocrx_word' id='word_1_176' title='bbox 115 2835 195 2908; x_wconf 89' lang='lat' dir='ltr'><strong>ptum</strong></span> <span class='ocrx_word' id='word_1_177' title='bbox 205 2822 468 2909; x_wconf 87' lang='lat' dir='ltr'><strong>antepirrhematis</strong></span> <span class='ocrx_word' id='word_1_178' title='bbox 479 2821 592 2886; x_wconf 89' lang='lat' dir='ltr'><strong>initium</strong></span> <span class='ocrx_word' id='word_1_179' title='bbox 606 2817 813 2901; x_wconf 84' lang='lat' dir='ltr'><strong>referoloeum</strong></span> <span class='ocrx_word' id='word_1_180' title='bbox 826 2819 1008 2887; x_wconf 74' lang='lat' dir='ltr'><strong>scholiastae</strong></span> <span class='ocrx_word' id='word_1_181' title='bbox 1023 2819 1230 2906; x_wconf 79' lang='lat' dir='ltr'><strong>aclLysistrat.</strong></span> 
     </span>
     <span class='ocr_line' id='line_1_23' title="bbox 115 2925 1230 3015; baseline -0.002 -23"><span class='ocrx_word' id='word_1_182' title='bbox 115 2948 145 2992; x_wconf 85' lang='grc' dir='ltr'><strong>ι.</strong></span> <span class='ocrx_word' id='word_1_183' title='bbox 164 2928 256 3014; x_wconf 76' lang='grc'>1189,</span> <span class='ocrx_word' id='word_1_184' title='bbox 280 2947 365 3013; x_wconf 85' lang='lat' dir='ltr'><strong>quem</strong></span> <span class='ocrx_word' id='word_1_185' title='bbox 386 2939 468 2991; x_wconf 87' lang='lat' dir='ltr'><strong>reete</strong></span> <span class='ocrx_word' id='word_1_186' title='bbox 490 2927 653 3013; x_wconf 79' lang='lat' dir='ltr'><strong>explicavit</strong></span> <span class='ocrx_word' id='word_1_187' title='bbox 666 2925 859 3015; x_wconf 87' lang='lat' dir='ltr'><strong>Toeppelius.</strong></span> <span class='ocrx_word' id='word_1_188' title='bbox 880 2925 996 3012; x_wconf 83' lang='lat' dir='ltr'><strong>Nempe</strong></span> <span class='ocrx_word' id='word_1_189' title='bbox 1019 2925 1057 2989; x_wconf 85' lang='lat' dir='ltr'><strong>de</strong></span> <span class='ocrx_word' id='word_1_190' title='bbox 1076 2925 1230 3012; x_wconf 79' lang='lat' dir='ltr'><strong>parasito-</strong></span> 
     </span>
     <span class='ocr_line' id='line_1_24' title="bbox 33 3023 1228 3120; baseline -0.002 -22"><span class='ocrx_word' id='word_1_191' title='bbox 33 3094 35 3098; x_wconf 80' lang='lat'><em>.</em></span> <span class='ocrx_word' id='word_1_192' title='bbox 113 3055 179 3098; x_wconf 83' lang='lat' dir='ltr'><strong>rum</strong></span> <span class='ocrx_word' id='word_1_193' title='bbox 201 3033 267 3106; x_wconf 84' lang='lat' dir='ltr'><strong>sive</strong></span> <span class='ocrx_word' id='word_1_194' title='bbox 290 3032 455 3120; x_wconf 81' lang='lat' dir='ltr'><strong>originibus</strong></span> <span class='ocrx_word' id='word_1_195' title='bbox 477 3034 542 3098; x_wconf 85' lang='lat' dir='ltr'><strong>sive</strong></span> <span class='ocrx_word' id='word_1_196' title='bbox 561 3033 633 3098; x_wconf 85' lang='lat' dir='ltr'><strong>aliis</strong></span> <span class='ocrx_word' id='word_1_197' title='bbox 654 3033 744 3096; x_wconf 87' lang='lat' dir='ltr'><strong>rehus</strong></span> <span class='ocrx_word' id='word_1_198' title='bbox 766 3033 825 3097; x_wconf 82' lang='lat' dir='ltr'><strong>iam</strong></span> <span class='ocrx_word' id='word_1_199' title='bbox 846 3033 878 3096; x_wconf 92' lang='lat' dir='ltr'><strong>in</strong></span> <span class='ocrx_word' id='word_1_200' title='bbox 899 3032 1101 3118; x_wconf 79' lang='lat' dir='ltr'><strong>epimhemate</strong></span> <span class='ocrx_word' id='word_1_201' title='bbox 1129 3023 1228 3108; x_wconf 75' lang='lat' dir='ltr'><strong>sermo</strong></span> 
     </span>
     <span class='ocr_line' id='line_1_25' title="bbox 114 3129 1228 3226; baseline 0.001 -24"><span class='ocrx_word' id='word_1_202' title='bbox 114 3139 225 3226; x_wconf 79' lang='lat' dir='ltr'><strong>fuerat,</strong></span> <span class='ocrx_word' id='word_1_203' title='bbox 239 3153 271 3203; x_wconf 88' lang='lat' dir='ltr'><strong>ut</strong></span> <span class='ocrx_word' id='word_1_204' title='bbox 283 3160 322 3202; x_wconf 88' lang='lat' dir='ltr'><strong>ex</strong></span> <span class='ocrx_word' id='word_1_205' title='bbox 336 3137 525 3224; x_wconf 87' lang='lat' dir='ltr'><strong>oppositione</strong></span> <span class='ocrx_word' id='word_1_206' title='bbox 539 3137 623 3202; x_wconf 83' lang='lat' dir='ltr'><strong>vocis</strong></span> <span class='ocrx_word' id='word_1_207' title='bbox 637 3138 760 3204; x_wconf 75' lang='grc' dir='ltr'><strong>δίαιταν</strong></span> <span class='ocrx_word' id='word_1_208' title='bbox 772 3153 900 3224; x_wconf 83' lang='lat' dir='ltr'><strong>apparet</strong></span> <span class='ocrx_word' id='word_1_209' title='bbox 917 3134 1023 3222; x_wconf 62' lang='lat' dir='ltr'><strong>(Attal</strong></span> <span class='ocrx_word' id='word_1_210' title='bbox 1034 3129 1228 3217; x_wconf 68' lang='lat' dir='ltr'><strong>illectae-l.</strong></span> 
     </span>
     <span class='ocr_line' id='line_1_26' title="bbox 116 3242 1229 3331; baseline 0 -23"><span class='ocrx_word' id='word_1_211' title='bbox 116 3242 167 3308; x_wconf 87' lang='lat' dir='ltr'><strong>Sic</strong></span> <span class='ocrx_word' id='word_1_212' title='bbox 187 3245 217 3308; x_wconf 93' lang='lat' dir='ltr'><strong>in</strong></span> <span class='ocrx_word' id='word_1_213' title='bbox 240 3244 441 3331; x_wconf 85' lang='lat' dir='ltr'><strong>epirrhemate</strong></span> <span class='ocrx_word' id='word_1_214' title='bbox 456 3243 550 3328; x_wconf 87' lang='lat' dir='ltr'><strong>Vesp.</strong></span> <span class='ocrx_word' id='word_1_215' title='bbox 573 3263 592 3306; x_wconf 88' lang='lat' dir='ltr'><strong>a</strong></span> <span class='ocrx_word' id='word_1_216' title='bbox 614 3265 642 3307; x_wconf 89' lang='lat' dir='ltr'><strong>v.</strong></span> <span class='ocrx_word' id='word_1_217' title='bbox 668 3244 743 3312; x_wconf 78' lang='lat'>1071</span> <span class='ocrx_word' id='word_1_218' title='bbox 769 3243 870 3330; x_wconf 80' lang='lat' dir='ltr'><strong>figura·</strong></span> <span class='ocrx_word' id='word_1_219' title='bbox 889 3245 972 3309; x_wconf 89' lang='lat' dir='ltr'><strong>chori</strong></span> <span class='ocrx_word' id='word_1_220' title='bbox 994 3252 1025 3309; x_wconf 87' lang='lat' dir='ltr'><strong>et</strong></span> <span class='ocrx_word' id='word_1_221' title='bbox 1045 3244 1075 3308; x_wconf 91' lang='lat' dir='ltr'><strong>iu</strong></span> <span class='ocrx_word' id='word_1_222' title='bbox 1094 3243 1229 3329; x_wconf 82' lang='lat' dir='ltr'><strong>antepir·</strong></span> 
     </span>
     <span class='ocr_line' id='line_1_27' title="bbox 115 3347 1229 3434; baseline 0 -22"><span class='ocrx_word' id='word_1_223' title='bbox 115 3348 251 3412; x_wconf 72' lang='lat' dir='ltr'><strong>themate</strong></span> <span class='ocrx_word' id='word_1_224' title='bbox 273 3370 300 3413; x_wconf 87' lang='lat' dir='ltr'><strong>a·</strong></span> <span class='ocrx_word' id='word_1_225' title='bbox 313 3351 341 3415; x_wconf 79' lang='grc' dir='ltr'><strong>ι’.</strong></span> <span class='ocrx_word' id='word_1_226' title='bbox 364 3349 445 3418; x_wconf 84' lang='lat'>1102</span> <span class='ocrx_word' id='word_1_227' title='bbox 466 3369 566 3415; x_wconf 87' lang='lat' dir='ltr'><strong>mores</strong></span> <span class='ocrx_word' id='word_1_228' title='bbox 589 3348 741 3434; x_wconf 83' lang='lat' dir='ltr'><strong>victusque</strong></span> <span class='ocrx_word' id='word_1_229' title='bbox 763 3349 982 3434; x_wconf 61' lang='lat' dir='ltr'><strong>describentem</strong></span> <span class='ocrx_word' id='word_1_230' title='bbox 1004 3347 1035 3412; x_wconf 92' lang='lat' dir='ltr'><strong>in</strong></span> <span class='ocrx_word' id='word_1_231' title='bbox 1057 3347 1162 3413; x_wconf 83' lang='lat' dir='ltr'><strong>iisdem</strong></span> <span class='ocrx_word' id='word_1_232' title='bbox 1183 3348 1229 3412; x_wconf 92' lang='lat' dir='ltr'><strong>lo·</strong></span> 
     </span>
     <span class='ocr_line' id='line_1_28' title="bbox 116 3451 1231 3541; baseline 0 -25"><span class='ocrx_word' id='word_1_233' title='bbox 116 3452 159 3516; x_wconf 88' lang='lat' dir='ltr'><strong>cis</strong></span> <span class='ocrx_word' id='word_1_234' title='bbox 179 3452 284 3517; x_wconf 82' lang='lat' dir='ltr'><strong>Avium</strong></span> <span class='ocrx_word' id='word_1_235' title='bbox 307 3475 326 3520; x_wconf 89' lang='lat' dir='ltr'><strong>a</strong></span> <span class='ocrx_word' id='word_1_236' title='bbox 347 3477 376 3518; x_wconf 84' lang='lat' dir='ltr'><strong>v.</strong></span> <span class='ocrx_word' id='word_1_237' title='bbox 398 3455 459 3523; x_wconf 75' lang='lat'><strong>753</strong></span> <span class='ocrx_word' id='word_1_238' title='bbox 482 3468 512 3519; x_wconf 89' lang='lat' dir='ltr'><strong>et</strong></span> <span class='ocrx_word' id='word_1_239' title='bbox 533 3454 595 3520; x_wconf 78' lang='lat'><strong>785</strong></span> <span class='ocrx_word' id='word_1_240' title='bbox 623 3453 748 3538; x_wconf 89' lang='lat' dir='ltr'><strong>primum</strong></span> <span class='ocrx_word' id='word_1_241' title='bbox 776 3453 862 3541; x_wconf 81' lang='lat' dir='ltr'><strong>leges</strong></span> <span class='ocrx_word' id='word_1_242' title='bbox 884 3455 1002 3538; x_wconf 83' lang='lat' dir='ltr'><strong>avium⁷</strong></span> <span class='ocrx_word' id='word_1_243' title='bbox 1038 3451 1144 3517; x_wconf 86' lang='lat' dir='ltr'><strong>deinde</strong></span> <span class='ocrx_word' id='word_1_244' title='bbox 1167 3452 1231 3517; x_wconf 88' lang='lat' dir='ltr'><strong>vitu</strong></span> 
     </span>
     <span class='ocr_line' id='line_1_29' title="bbox 116 3556 1229 3646; baseline -0.003 -23"><span class='ocrx_word' id='word_1_245' title='bbox 116 3556 283 3623; x_wconf 85' lang='lat' dir='ltr'><strong>laudantur.</strong></span> <span class='ocrx_word' id='word_1_246' title='bbox 317 3558 422 3645; x_wconf 87' lang='lat' dir='ltr'><strong>Itaque</strong></span> <span class='ocrx_word' id='word_1_247' title='bbox 445 3558 650 3646; x_wconf 78' lang='lat' dir='ltr'><strong>epirrhemata</strong></span> <span class='ocrx_word' id='word_1_248' title='bbox 670 3580 730 3623; x_wconf 92' lang='lat' dir='ltr'><strong>non</strong></span> <span class='ocrx_word' id='word_1_249' title='bbox 752 3559 847 3624; x_wconf 91' lang='lat' dir='ltr'><strong>solum</strong></span> <span class='ocrx_word' id='word_1_250' title='bbox 870 3558 1019 3624; x_wconf 87' lang='lat' dir='ltr'><strong>trochaico</strong></span> <span class='ocrx_word' id='word_1_251' title='bbox 1041 3571 1229 3643; x_wconf 77' lang='lat' dir='ltr'><strong>tetrametro,</strong></span> 
     </span>
    </p>

    <p class='ocr_par' dir='ltr' id='par_1_7' title="bbox 115 3649 1298 4174">
     <span class='ocr_line' id='line_1_30' title="bbox 115 3649 1298 3734; baseline -0.001 -7"><span class='ocrx_word' id='word_1_252' title='bbox 115 3685 219 3728; x_wconf 84' lang='lat' dir='ltr'><strong>verum</strong></span> <span class='ocrx_word' id='word_1_253' title='bbox 248 3665 336 3730; x_wconf 88' lang='lat' dir='ltr'><strong>etiam</strong></span> <span class='ocrx_word' id='word_1_254' title='bbox 362 3675 538 3730; x_wconf 80' lang='lat' dir='ltr'><strong>tetrametro</strong></span> <span class='ocrx_word' id='word_1_255' title='bbox 570 3665 769 3732; x_wconf 80' lang='lat' dir='ltr'><strong>choriambico</strong></span> <span class='ocrx_word' id='word_1_256' title='bbox 800 3665 865 3734; x_wconf 87' lang='lat' dir='ltr'><strong>sive</strong></span> <span class='ocrx_word' id='word_1_257' title='bbox 885 3665 1095 3732; x_wconf 81' lang='lat' dir='ltr'><strong>Anacreonteo</strong></span> <span class='ocrx_word' id='word_1_258' title='bbox 1117 3663 1230 3728; x_wconf 84' lang='lat' dir='ltr'><strong>scrihe-</strong></span> <span class='ocrx_word' id='word_1_259' title='bbox 1296 3649 1298 3653; x_wconf 34' lang='lat'>⁸</span> 
     </span>
     <span class='ocr_line' id='line_1_31' title="bbox 118 3767 1230 3855; baseline -0.002 -21"><span class='ocrx_word' id='word_1_260' title='bbox 118 3771 233 3834; x_wconf 79' lang='lat' dir='ltr'><strong>bantur.</strong></span> <span class='ocrx_word' id='word_1_261' title='bbox 275 3767 358 3833; x_wconf 77' lang='lat' dir='ltr'><strong>Illem</strong></span> <span class='ocrx_word' id='word_1_262' title='bbox 379 3781 504 3836; x_wconf 76' lang='lat' dir='ltr'><strong>menum</strong></span> <span class='ocrx_word' id='word_1_263' title='bbox 526 3772 637 3836; x_wconf 89' lang='lat' dir='ltr'><strong>hahent</strong></span> <span class='ocrx_word' id='word_1_264' title='bbox 657 3769 870 3854; x_wconf 79' lang='lat' dir='ltr'><strong>Aristophanis</strong></span> <span class='ocrx_word' id='word_1_265' title='bbox 892 3793 932 3834; x_wconf 87' lang='lat' dir='ltr'><strong>ex</strong></span> <span class='ocrx_word' id='word_1_266' title='bbox 954 3767 1136 3855; x_wconf 86' lang='lat' dir='ltr'><strong>Amphiareo</strong></span> <span class='ocrx_word' id='word_1_267' title='bbox 1158 3787 1230 3832; x_wconf 81' lang='lat' dir='ltr'><strong>ver·</strong></span> 
     </span>
     <span class='ocr_line' id='line_1_32' title="bbox 116 3873 1230 3962; baseline 0.001 -22"><span class='ocrx_word' id='word_1_268' title='bbox 116 3895 168 3940; x_wconf 81' lang='lat' dir='ltr'><strong>sus</strong></span> <span class='ocrx_word' id='word_1_269' title='bbox 202 3893 251 3958; x_wconf 80' lang='lat' dir='ltr'><strong>ap.</strong></span> <span class='ocrx_word' id='word_1_270' title='bbox 281 3873 374 3940; x_wconf 84' lang='lat' dir='ltr'><strong>schol.</strong></span> <span class='ocrx_word' id='word_1_271' title='bbox 402 3875 441 3939; x_wconf 86' lang='lat' dir='ltr'><strong>ad</strong></span> <span class='ocrx_word' id='word_1_272' title='bbox 459 3875 532 3942; x_wconf 80' lang='lat' dir='ltr'><strong>Pac</strong></span> <span class='ocrx_word' id='word_1_273' title='bbox 562 3899 590 3940; x_wconf 89' lang='lat' dir='ltr'><strong>v.</strong></span> <span class='ocrx_word' id='word_1_274' title='bbox 613 3876 676 3944; x_wconf 75' lang='lat'><strong>473</strong></span> <span class='ocrx_word' id='word_1_275' title='bbox 704 3887 735 3940; x_wconf 87' lang='lat' dir='ltr'><strong>et</strong></span> <span class='ocrx_word' id='word_1_276' title='bbox 765 3894 814 3962; x_wconf 84' lang='lat' dir='ltr'><strong>ap.</strong></span> <span class='ocrx_word' id='word_1_277' title='bbox 837 3874 1095 3962; x_wconf 76' lang='lat' dir='ltr'><strong>Hephaestionem</strong></span> <span class='ocrx_word' id='word_1_278' title='bbox 1124 3890 1154 3960; x_wconf 83' lang='lat' dir='ltr'><strong>p.</strong></span> <span class='ocrx_word' id='word_1_279' title='bbox 1176 3874 1230 3958; x_wconf 80' lang='lat'><strong>53,</strong></span> 
     </span>
     <span class='ocr_line' id='line_1_33' title="bbox 118 3976 1231 4068; baseline 0.002 -25"><span class='ocrx_word' id='word_1_280' title='bbox 118 3977 312 4065; x_wconf 74' lang='lat' dir='ltr'><strong>qoi&#39;uterque</strong></span> <span class='ocrx_word' id='word_1_281' title='bbox 332 3976 415 4042; x_wconf 88' lang='lat' dir='ltr'><strong>locos</strong></span> <span class='ocrx_word' id='word_1_282' title='bbox 438 3999 478 4043; x_wconf 85' lang='lat' dir='ltr'><strong>ex</strong></span> <span class='ocrx_word' id='word_1_283' title='bbox 499 3982 700 4068; x_wconf 78' lang='lat' dir='ltr'><strong>epirrhemato</strong></span> <span class='ocrx_word' id='word_1_284' title='bbox 722 3989 834 4045; x_wconf 87' lang='lat' dir='ltr'><strong>sumtus</strong></span> <span class='ocrx_word' id='word_1_285' title='bbox 856 3979 1089 4068; x_wconf 58' lang='lat' dir='ltr'><strong>composuerint</strong></span> <span class='ocrx_word' id='word_1_286' title='bbox 1116 3977 1231 4064; x_wconf 78' lang='lat' dir='ltr'><strong>puitlem</strong></span> 
     </span>
     <span class='ocr_line' id='line_1_34' title="bbox 116 4082 1231 4174; baseline 0.004 -26"><span class='ocrx_word' id='word_1_287' title='bbox 116 4083 336 4170; x_wconf 78' lang='lat' dir='ltr'><strong>ipsnmluerat</strong></span> <span class='ocrx_word' id='word_1_288' title='bbox 356 4082 469 4147; x_wconf 87' lang='lat' dir='ltr'><strong>initium</strong></span> <span class='ocrx_word' id='word_1_289' title='bbox 492 4086 710 4170; x_wconf 82' lang='lat' dir='ltr'><strong>epirrhematis.</strong></span> <span class='ocrx_word' id='word_1_290' title='bbox 760 4086 884 4174; x_wconf 75' lang='lat' dir='ltr'><strong>llopplis</strong></span> <span class='ocrx_word' id='word_1_291' title='bbox 913 4087 970 4152; x_wconf 91' lang='lat' dir='ltr'><strong>hoc</strong></span> <span class='ocrx_word' id='word_1_292' title='bbox 997 4097 1092 4150; x_wconf 81' lang='lat' dir='ltr'><strong>mutto</strong></span> <span class='ocrx_word' id='word_1_293' title='bbox 1125 4085 1231 4152; x_wconf 85' lang='lat' dir='ltr'><strong>iterum</strong></span> 
     </span>
    </p>
   </div>
   <div class='ocr_carea' id='block_1_7' title="bbox 9 4187 1231 4357">
    <p class='ocr_par' dir='ltr' id='par_1_8' title="bbox 9 4187 1231 4357">
     <span class='ocr_line' id='line_1_35' title="bbox 9 4187 1231 4357; baseline 0.005 -105"><span class='ocrx_word' id='word_1_294' title='bbox 9 4287 12 4294; x_wconf 21' lang='grc' dir='ltr'>Ι</span> <span class='ocrx_word' id='word_1_295' title='bbox 116 4188 207 4264; x_wconf 80' lang='lat' dir='ltr'><strong>utitur</strong></span> <span class='ocrx_word' id='word_1_296' title='bbox 229 4207 279 4278; x_wconf 88' lang='lat' dir='ltr'><strong>ap.</strong></span> <span class='ocrx_word' id='word_1_297' title='bbox 309 4188 402 4254; x_wconf 83' lang='lat' dir='ltr'><strong>schol.</strong></span> <span class='ocrx_word' id='word_1_298' title='bbox 424 4187 500 4256; x_wconf 82' lang='lat' dir='ltr'><strong>Not.</strong></span> <span class='ocrx_word' id='word_1_299' title='bbox 530 4212 560 4255; x_wconf 86' lang='lat' dir='ltr'><strong>v.</strong></span> <span class='ocrx_word' id='word_1_300' title='bbox 577 4189 622 4256; x_wconf 76' lang='lat'><strong>96</strong></span> <span class='ocrx_word' id='word_1_301' title='bbox 642 4189 818 4277; x_wconf 67' lang='grc' dir='ltr'><strong><em>Δεξάμενος</em></strong></span> <span class='ocrx_word' id='word_1_302' title='bbox 846 4190 879 4260; x_wconf 76' lang='lat' dir='ltr'><strong>nt</strong></span> <span class='ocrx_word' id='word_1_303' title='bbox 900 4190 1073 4357; x_wconf 56' lang='grc' dir='ltr'><strong>Σωιριὲιης</strong></span> <span class='ocrx_word' id='word_1_304' title='bbox 1092 4187 1149 4276; x_wconf 67' lang='grc' dir='ltr'><strong>τὴν</strong></span> <span class='ocrx_word' id='word_1_305' title='bbox 1169 4187 1231 4258; x_wconf 70' lang='lat' dir='ltr'><strong>ixl-</strong></span> 
     </span>
    </p>
   </div>
   <div class='ocr_carea' id='block_1_8' title="bbox 0 0 1474 4896">
    <p class='ocr_par' dir='ltr' id='par_1_9' title="bbox 0 0 1474 4896">
     <span class='ocr_line' id='line_1_36' title="bbox 0 0 1474 4896; baseline 0 0"><span class='ocrx_word' id='word_1_306' title='bbox 0 0 1474 4896; x_wconf 95' lang='lat' dir='ltr'><strong> </strong></span> 
     </span>
    </p>
   </div>
  </div>
 </body>
</html>
