2938 4896
528 419 800 498 *0170*

111 618 198 704 Φημί
218 615 252 683 δὲ
270 618 408 702 βροτοῖσι
428 610 510 682 πολὺ
532 617 658 680 πλεῖστα
677 609 820 698 παρέχειν
845 609 905 696 ἐγὼ
932 613 984 680 καί
1004 613 1086 684 πολὺ
1112 615 1224 704 μέγιστ’

107 722 222 810 ἀγαθοί
264 725 365 788 ταῦτα
384 716 414 788 δ’
438 715 646 803 ἀποδείξομεν).
1138 761 1142 768 ·

190 829 238 894 lle
259 830 317 893 hoc
335 827 424 892 metri
437 847 553 913 genere
574 826 634 890 vid.
651 824 756 890 Herm.
772 823 867 890 Elem.
890 826 983 892 doctr.
1005 842 1090 894 metr.
1113 851 1143 918 p.
1164 835 1226 903 508

53 944 57 954 ‘
109 950 140 1002 et
161 935 291 1002 Friecu
314 935 353 1000 ad
375 934 497 1001 Thesm.
519 954 549 1020 p.
572 935 630 1000 621
647 953 692 1017 sq.
722 931 878 1018 Eupolidis
900 934 994 998 locum
1017 957 1034 996 e
1056 939 1226 1020 posteriore

108 1042 254 1132 parabasi
274 1041 397 1130 petitum
418 1061 487 1104 esse
508 1039 586 1104 bene
608 1037 734 1122 conjecit
754 1037 774 1100 l.
791 1037 811 1102 Ι.
827 1037 989 1126 Bergkias.
1014 1019 1093 1106 Tum
1107 1043 1225 1110 Meloe.-

109 1151 177 1216 kius
191 1150 312 1214 chorum
332 1147 416 1224 haec,
431 1146 468 1210 de
490 1145 673 1230 semetipso
695 1144 873 1231 praedicare
895 1147 1072 1232 suspicatur.
1099 1149 1141 1216 Αι
1153 1151 1225 1219 adu-

110 1259 226 1322 latores
246 1276 308 1319 non
330 1253 577 1336 emolumentum,
608 1250 663 1314 sed
686 1249 823 1314 damnum
852 1272 888 1314 ac
916 1265 1031 1338 pestem
1059 1255 1225 1324 hominihus

111 1362 253 1427 inferunt.
296 1359 408 1424 Contra
429 1355 580 1446 Bergkius
602 1357 638 1421 de
660 1379 694 1420 se
716 1357 783 1442 ipso
806 1357 882 1421 haec
912 1357 950 1422 ab
971 1359 1119 1446 Eupolide
1148 1365 1227 1431 dicta

112 1473 183 1532 esse
204 1467 289 1553 vidit,
312 1465 425 1531 frustra
446 1479 546 1528 tamen
569 1463 728 1549 conjiciens
751 1459 956 1548 ἀποδείξομαι.
999 1466 1042 1530 Αο
1064 1469 1187 1554 primum
1211 1497 1227 1536 e

111 1586 224 1661 poetae
252 1573 351 1637 animo
373 1571 481 1635 chorus
502 1569 632 1654 loquitur
652 1569 683 1632 in
704 1568 761 1632 hoc
783 1569 847 1656 ipso
871 1571 957 1636 metri
979 1594 1094 1659 genere
1115 1576 1146 1640 in
1165 1575 1226 1644 Ve-

82 1723 89 1728 -
117 1679 181 1764 spis
202 1691 235 1742 v.'
255 1678 337 1745 1284
358 1697 423 1762 sqq.
468 1675 582 1739 Chorus
604 1689 702 1740 autem
724 1673 844 1761 ubique,
868 1675 958 1742 etiam
981 1678 1029 1742 ubi
1050 1682 1160 1766 poetae
1181 1685 1228 1750 sui

113 1784 311 1848 internuntius
334 1796 393 1869 est,
417 1781 504 1846 modo
532 1781 640 1866 plurali
670 1802 792 1845 numero
821 1781 930 1867 utitur,
961 1784 1048 1848 modo
1080 1787 1229 1878 singulari

115 1887 262 1975 (Acharn.
284 1911 313 1954 v.
336 1891 395 1957 311
420 1885 613 1974 sq.3En1-ip.
636 1885 716 1971 Cycl.
740 1908 769 1950 v.
792 1887 853 1954 212
875 1909 933 1974 nup,
956 1911 985 1953 v.
1010 1891 1071 1958 465
1101 1908 1131 1957 et
1158 1897 1229 1962 alibi

114 1995 314 2079 sexcenties).
364 1993 500 2080 llenique
530 1991 877 2078 Aristophanis·chorus
906 1994 936 2058 in
962 1976 1107 2079 parabasi
1134 2021 1228 2090 saepe

113 2108 224 2190 poetae
246 2101 292 2165 sui
314 2100 421 2164 merita
442 2099 614 2187 praedicat,
638 2097 798 2182 cujusmodi
821 2097 902 2162 locos
924 2097 1075 2188 Bergkius
1099 2104 1118 2168 l.
1134 2105 1154 2168 l.
1167 2110 1228 2173 col-

113 2207 199 2294 legit.
242 2207 346 2293 Neque
370 2215 508 2270 oratores
530 2205 584 2270 tali
604 2205 739 2268 vanitate
771 2203 951 2268 abs'tinuisse
981 2206 1153 2275 documento
1183 2224 1230 2280 est
1284 2233 1287 2244 “

114 2313 250 2400 inprimis
270 2311 441 2396 Isocraten,
463 2320 495 2374 ut
515 2310 546 2374 in
567 2309 745 2404 Archidamo
769 2327 833 2395 cap.
856 2311 886 2375 4.
925 2305 988 2377 Ἐν
1007 2311 1067 2398 γὰρ
1087 2319 1132 2405 τῷ
1153 2342 1230 2404 oco

115 2414 183 2484 όντι
211 2414 264 2484 διὰ
292 2415 413 2483 τούτων
433 2413 539 2496 ἐλπίζω
566 2417 718 2499 μεγίστων
745 2409 878 2498 ἀμαθῶν
905 2418 1002 2495 αίτιος
1023 2415 1065 2486 νίν
1084 2420 1230 2506 γενέσθαι

115 2527 155 2610 τῇ
172 2521 267 2592 πόλει

512 2638 528 2658 “
647 2669 698 2748 11.

201 2812 335 2880 Omnium
364 2812 574 2898 gravissimum
599 2810 799 2898 fragmentum
829 2825 930 2878 exstat
956 2818 1033 2906 apud
1054 2819 1163 2886 Athen.
1186 2821 1231 2890 vl

116 2941 148 3007 p.
160 2919 278 3005 eadm:
300 2918 339 2982 Οί
359 2914 390 2982 d’
414 2915 536 3002 ἀρχαῖοι
554 2918 681 3006 ποιηταί
701 2916 776 2994 τοὺς
794 2922 984 3003 παρασίτους
1005 2921 1140 3002 κόλακας
1161 2925 1230 2995 ἐνοί-

117 3031 205 3105 λονν,
226 3018 279 3108 ἀφ’
296 3012 342 3089 ὧν
355 3023 409 3090 ocal
419 3023 559 3101 Εὔπολις
570 3028 616 3113 τῷ
639 3024 769 3109 δράματι
781 3021 840 3109 τὴν
857 3025 1034 3114 ἐπιγραφὴν
1053 3027 1229 3120 ἐποιήσατο,

116 3129 173 3198 τὸν
193 3127 288 3216 χορὸν
308 3134 373 3197 τῶν
395 3129 553 3198 Κολάκων
573 3130 706 3216 ποιήσας
726 3129 800 3196 τάδε
819 3128 966 3215 λέγοντα·-

196 3269 287 3338 ’And
309 3273 430 3338 δίαιταν
449 3269 492 3355 ἢν
512 3250 613 3355 ἔχουσί
636 3272 667 3336 οί
687 3268 815 3348 κόλακες
835 3270 913 3356 node
934 3269 1015 3358 ὑμᾶς

200 3378 341 3463 λέξομεν·
363 3372 425 3468 ἀλλ’
448 3371 602 3442 ἀκούσαθ’
625 3371 672 3453 ὦς’
688 3374 777 3461 ἐσμὲν
797 3375 919 3443 ἅπαντα
939 3377 1057 3462 κομψοί

112 3517 115 3524 ’
197 3483 325 3569 ἄνδρες·
346 3481 444 3548 ὅτοισι
465 3485 572 3568 πρῶτα
592 3481 649 3566 μὲν
668 3491 741 3560 ιιαῖς
760 3477 939 3560 ἀκόλουθός
958 3482 1042 3552 ἐστιν

199 3587 359 3676 ἀλλότριος
378 3584 425 3684 τὰΙ
438 3585 547 3670 πολλὰ,
568 3588 680 3675 μικρὸν
700 3587 733 3656 δι’
754 3614 783 3654 τι
803 3585 904 3674 κάμὸν
925 3587 1036 3658 αὐτοῦ.
1063 3611 1067 3618 “
1104 3675 1105 3678 ¹

202 3699 310 3782 ίματίω
330 3694 363 3762 δέ
383 3720 437 3781 μοι
458 3691 509 3762 δύ’
533 3692 623 3762 ἐστὸν
641 3699 778 3782 χαρίεντε
796 3697 908 3780 colicon
1064 3755 1069 3762 .
1201 3707 1229 3772 5.

202 3800 253 3868 οἷν
271 3801 513 3889 μεταλαμβάνων
534 3798 582 3868 ἀεὶ
603 3803 738 3888 θάτερον
757 3801 909 3875 ἐξελαύνω
1124 3809 1129 3820 ’

201 3910 244 3986 είς
264 3904 391 3992 ιἰγοριίν.
415 3907 478 3975 ἐκεῖ
496 3905 524 3975 d'
548 3909 671 3976 ἐπειδὰν
689 3911 806 3976 ιιαιίσω
826 3905 889 3975 τιν’
912 3905 1013 3994 ἄνδρα

199 4012 336 4102 ἠλίθιον,
358 4019 554 4084 πλουτοῦντα
574 4012 616 4099 δ’,
638 4012 737 4093 εὐθὺς
758 4015 831 4102 cepi
847 4019 961 4082 τοῦτον
979 4015 1046 4098 είμί
1116 4063 1120 4072 «

199 4119 263 4190 udo
282 4145 311 4188 τι
332 4119 529 4207 τύχμλίγων
550 4120 568 4190 ὁ
589 4122 735 4204 πλούταξ,
758 4124 847 4190 πάνυ
864 4117 948 4189 τοῦτ’
970 4119 1087 4204 ἐπαινοῖ

171 4229 254 4298 ,ιιιιί
275 4224 650 4314 ιιατνιτλὴπομαισονιὸν
669 4227 886 4314 τοίσιίόμοισι
906 4231 1049 4314 χοίρειοι
1076 4229 1103 4288 .’
1180 4233 1230 4304 10.
