2938 4896
136 375 189 426 ‘⁸
561 397 794 468 470²-

119 630 204 700 riam
245 629 335 700 illam
376 628 637 717 lrap'mcntorrrm
658 629 913 703 ,redactionem
944 630 1032 720 nup.
1072 633 1268 712 meroem.

118 795 340 887 „Fragmenta
358 795 567 868 comicorum
585 797 811 890 &accerum-
824 793 951 868 voud
968 799 1114 872 Bercllni
1133 795 1232 872 185⁹

121 955 217 1032 41
228 935 261 1054 ᾖ(
287 965 386 1050 naim
414 965 593 1035 voluminis
621 963 762 1035 secundi
787 965 950 1054 particula
975 967 1107 1060 ultima,
1142 983 1231 1059 quac

118 1129 357 1226 Aristophanis
395 1129 582 1220 fragmenta
615 1130 883 1224 comprehcndit,
925 1131 1068 1204 debetur
1102 1145 1231 1223 gonaro

120 1298 197 1380 ejus
227 1297 353 1367 aanor.
379 1284 537 1387 neugma.
585 1300 661 1370 rroo
690 1301 792 1386 γεςιιω
815 1297 974 1370 marnam
1007 1301 1095 1370 ranno
1130 1303 1230 1392 quur
1275 1273 1280 1284 '

120 1461 337 1533 fundamento
366 1466 463 1541 nixus
496 1467 695 1566 opusculum
729 1484 838 1548 mcum
871 1465 916 1536 ad
933 1465 1048 1539 ‚irtam
1079 1467 1229 1556 perduxi.
1351 1555 1358 1570 Ι

194 1630 351 1700 Attamen
377 1651 531 1719 magnam
558 1633 658 1716 hujus
686 1632 838 1722 opusculi
861 1637 1006 1725 partem,
1043 1634 1135 1723 quod
1161 1655 1230 1705 non

119 1802 185 1864 tam
212 1797 408 1904 perficiundi
434 1753 510 1891 spe,
537 1818 636 1888 quam
663 1798 857 1887 experiundi
882 1772 1053 1869 uoluntate
1082 1802 1228 1872 scribere

121 1981 307 2049 aggressus
339 1982 430 2055 sum,
461 1964 550 2056 Tibi,
585 1964 642 2035 Vir
667 1964 876 2056 Clarissimo,
910 1966 1120 2042 tribuendam
1150 1986 1228 2038 esse

120 2135 210 2200 carte
238 2133 328 2223 scio,
356 2134 507 2220 quinon
534 2131 641 2200 solum
666 2131 700 2199 in
728 2131 854 2210 scholis
877 2135 963 2201 viam
990 2151 1030 2202 ac
1056 2137 1228 2225 rationem,

121 2312 189 2382 qua
215 2295 400 2382 fragmenta
428 2299 627 2367 comicomm
652 2298 825 2369 tractanda
848 2303 931 2392 sint,
959 2300 1036 2368 mibi
1062 2301 1228 2373 ostendo-

119 2463 174 2552 ris,
198 2459 260 2530 sed
285 2464 383 2531 etiam
410 2465 611 2533 amicissime
639 2461 849 2556 indicaveris,
875 2469 1014 2553 quaein
1040 2468 1227 2536 enuclean-

120 2626 172 2696 dis
201 2629 243 2696 iis
285 2635 459 2700 vorsaturo
493 2647 697 2719 operamque
735 2637 897 2700 navaturo
934 2634 1001 2700 sint
1033 2637 1228 2704 necessaria
1291 2693 1297 2698 .

119 2795 279 2864 subsidia.
332 2793 508 2893 Quumque
526 2795 795 2867 doctissimorum
817 2796 966 2882 judicum
980 2798 1156 2886 sullragiis
1174 2800 1228 2868 bic

119 2961 271 3052 libellam,
311 2963 367 3049 qui
394 2964 547 3049 praemio
584 2944 756 3033 ornaretur
788 2970 821 3032 et
854 2967 888 3033 in
921 2964 1031 3032 lucem
1069 2963 1228 3054 prodiret,

120 3126 241 3213 dignus
272 3126 406 3197 babitus
434 3133 544 3218 esset,
569 3129 619 3197 Tu
646 3147 720 3196 eum
755 3130 816 3198 sub
844 3127 996 3198 incudem
1024 3129 1141 3198 iterum
1167 3145 1226 3197 re-

118 3297 251 3363 vocanti
275 3294 353 3363 mihi
379 3294 486 3363 lacem
510 3295 703 3388 praetulisti,
729 3302 949 3384 promptoque
972 3299 1081 3364 animo
1097 3295 1140 3363 ad
1166 3295 1226 3363 lit-

119 3460 401 3570 terariam'Tuam
428 3461 670 3546 supellectilem
698 3460 821 3528 aditum
849 3462 1067 3553 concessisti,
1104 3462 1226 3550 quibus

119 3626 289 3698 beneficiis
311 3624 411 3696 valdo
437 3643 490 3695 ma
514 3627 707 3696 obstrictum
733 3628 850 3696 sentio.
961 3677 970 3688 ,

177 3761 252 3860 ‘Cui
277 3796 376 3880 igitur
395 3796 518 3886 potius,
547 3812 646 3882 quam
662 3793 745 3885 Tibi,
768 3794 967 3880 Praeceptor
983 3791 1220 3884 Dilectissimo,

119 3963 174 4048 qui
200 3960 294 4032 bisce
330 3959 447 4030 litteris
481 3980 630 4032 menon
664 3955 737 4030 sinc
765 3977 887 4046 magno
914 3957 1032 4028 laboro
1066 3958 1222 4050 imbuisti,

120 4125 183 4197 boc
200 4125 385 4196 studiorum
403 4143 550 4198 meorum
578 4129 748 4215 specimen
766 4127 999 4214 qualecunque
1016 4143 1223 4216 consecrem,
