2938 4896
676 426 953 498 ‘euoe-

249 631 280 688 ut
307 618 398 706 vulgo
422 617 562 704 creditur,
584 616 688 704 pingui
712 623 743 680 et
763 617 856 681 oheso
884 634 1033 702 corpore,
1062 613 1117 678 sed
1138 612 1237 699 potius
1261 613 1373 698 gracili

248 727 341 794 uisse
355 726 536 791 Fritoschius
557 724 665 789 ibidem
688 721 827 787 ostendit.
1372 719 1375 722 '

256 879 261 888 .
331 829 617 896 Diversusnefuerit
638 807 743 893 noster
758 827 920 894 Cleocritus
943 835 975 890 et
997 827 1034 890 alt
1049 827 1192 892 archonte
1214 845 1370 910 opouytuu

250 939 367 1024 lllyuup.
389 937 469 1020 xci,
492 937 512 1002 d
534 934 637 1020 (Diod.
653 934 742 999 Sicul.
761 934 848 1019 xlii,
871 935 902 1000 9.
923 932 1017 997 Arist.
1035 930 1166 1017 Lysistr.
1181 930 1305 1018 Argum.
1320 932 1369 1021 l),

250 1044 329 1130 quod
340 1055 436 1128 negat
453 1041 617 1106 Ruultelius
638 1062 668 1126 p.
686 1041 757 1127 113,
774 1055 805 1103 et
820 1061 839 1104 a
854 1047 1019 1125 mystarum
1033 1029 1183 1122 piraecone
1208 1037 1368 1124 (Xenoph.

249 1150 368 1214 Hellen.
393 1147 435 1233 Il⁷
457 1147 490 1232 4,
513 1146 570 1231 20)
593 1167 647 1232 pto
670 1154 751 1211 certo
774 1145 931 1210 venditare
952 1165 1013 1208 nou
1035 1143 1142 1208 audeo.
1157 1179 1198 1192 -

768 1403 844 1486 XI.

315 1592 444 1657 xPollun
466 1591 507 1680 Χ,
530 1593 572 1661 28
592 1593 629 1656 de
648 1593 790 1678 janitoris
818 1591 902 1656 vasis
931 1601 961 1656 ct
981 1589 1088 1655 officiis
1104 1581 1280 1655 disserens:
1308 1615 1366 1656 κα-

250 1707 343 1768 λεῖται
363 1697 397 1765 δὲ
419 1697 502 1765 οὕτω
526 1698 677 1784 (κόρημα)
698 1699 750 1764 καὶ
776 1697 812 1764 τὸ
834 1701 945 1774 σκεῦος
963 1694 1063 1762 ——ud
1090 1694 1125 1762 di
1152 1697 1237 1782 ῥῆμα
1259 1706 1367 1780 κορεῖν

251 1807 291 1877 ἄν
308 1805 416 1891 λέγοις.
459 1804 512 1870 καὶ
533 1801 570 1870 τὸ
588 1803 645 1890 μὲν
662 1801 772 1882 σκεῦος
791 1805 845 1871 καὶ
865 1805 950 1890 ῥῆμα
969 1800 1034 1870 det
1048 1799 1226 1880 Εὐπόλιδος
1245 1806 1364 1890 εἴρηται

250 1913 284 1981 dv
305 1921 370 1991 τοῖς
382 1910 518 1991 Κόλαξι·
1248 2007 1253 2011 .

422 2052 517 2117 romu
536 2047 642 2135 αισι
657 2012 698 2115 ’τι
718 2048 840 2134 κόρημα
859 2046 918 2134 ep
937 2045 1039 2134 susp
1059 2047 1153 2141 ιιρι.

250 2195 260 2251 ἶ
333 2189 467 2255 Eandem
496 2163 582 2274 hujus
610 2188 692 2252 vocis
725 2189 972 2275 significationem
1003 2187 1210 2274 deprehendes
1230 2187 1265 2272 ¹iu
1294 2186 1360 2252 fra·

250 2305 371 2386 gmento
401 2319 439 2360 ex
468 2294 623 2381 Eupolidis
654 2291 789 2360 Πόλεσιν
817 2317 866 2382 ap.
896 2296 976 2361 Poll.
1005 2295 1054 2382 X,
1086 2297 1146 2363 192
1167 2306 1197 2360 et
1216 2297 1247 2360 in
1268 2295 1362 2361 Arist.

250 2401 323 2468 Pac.
348 2423 376 2467 v.
400 2402 440 2469 59
1093 2427 1097 2436 ·
1192 2425 1197 2434 ·
1251 2427 1254 2435 ·

372 2537 517 2605 κατάθου
536 2535 573 2604 τὸ
592 2539 727 2624 κόρημα·
747 2536 790 2624 μὴ
815 2531 930 2623 ’κκόρει
949 2539 1008 2628 τὴν
1023 2535 1157 2606 Ἑλλάδα

251 2700 336 2766 ροισι
368 2677 407 2743 ad
441 2678 536 2744 locum
561 2684 762 2764 respexerunt
786 2676 896 2744 Suidas
928 2703 953 2746 s.
983 2679 1106 2764 κόρημα
1133 2688 1163 2743 et
1189 2679 1365 2746 Euslothius

215 2794 219 2814 '
249 2805 280 2871 p.
302 2785 375 2870 951,
398 2785 453 2851 tt.
479 2783 579 2854 Schol.
604 2785 642 2851 ad
662 2784 735 2849 Pac.
756 2781 793 2850 c'd
814 2782 953 2870 κόρημαι
974 2784 1011 2854 cd
1032 2783 1225 2876 κὸσμῃτρον,
1245 2785 1282 2852 τὸ
1303 2785 1365 2852 σά-

249 2916 323 2974 ρον,
345 2881 371 2981 ᾦ
401 2887 550 2956 εἰώθασιν
577 2885 803 2971 ἀποκαθαίρειν
822 2889 859 2957 τὸ
880 2895 1002 2978 πλῆθος
1027 2896 1092 2957 τῶν
1116 2890 1151 2958 ἐν
1174 2899 1239 2969 τοῖς
1266 2895 1366 2972 οἴκοις

249 2996 367 3082 dolonn.
414 2996 584 3082 Hesychius
613 3018 639 3060 s.
667 2994 803 3082 κόρημαι
830 2998 1016 3082 κάλννιρον,
1032 2998 1135 3082 (immo
1156 2998 1365 3084 κάλκννιρον)

250 3101 367 3180 ὅκινες
387 3100 493 3186 σάρον.

333 3233 419 3296 Hunc
439 3231 531 3326 igitur
555 3231 710 3317 Eupolidis
737 3255 855 3300 versum
885 3257 976 3302 servo
992 3234 1118 3321 janitori
1139 3236 1245 3302 dictum
1266 3237 1362 3302 luisse

219 3327 227 3342 “
250 3342 316 3427 ipse
336 3337 446 3404 Pollux
468 3338 585 3404 videtur
605 3338 738 3404 indicare
760 3348 790 3416 s.
813 3343 854 3408 28
871 3336 954 3411 leuet
973 3344 1017 3430 cpi
1036 3345 1171 3430 κνλοιρῷ
1191 3340 1228 3408 τὸ
1249 3347 1363 3410 καθαί-

250 3468 332 3529 ρειν,
345 3443 414 3510 ’καὶ
441 3443 658 3538 καταρραίνειν
683 3442 741 3530 clpv
769 3447 872 3512 οἰκίαν
898 3444 1068 3532 ἀναγκαῖόν
1095 3448 1178 3516 ἐστιν
1204 3451 1362 3516 etiterum

251 3561 282 3646 ᾗ.
304 3549 345 3618 29
366 3551 392 3616 el
411 3545 445 3614 dd
464 3549 515 3614 nol
539 3553 654 3633 colpeio
673 3549 783 3636 φήσεις
802 3549 859 3618 τὸν
879 3553 1029 3640 θυρωρὸν
1052 3593 1099 3620 -.
1138 3556 1242 3644 ltaque
1264 3559 1365 3644 sospi-

252 3680 315 3750 σοι,
337 3677 456 3721 versum
478 3679 495 3718 e
517 3657 645 3744 prologo
668 3660 782 3720 ductum
805 3661 1268 3751 esse‚inquodou1us(3alliae
1291 3687 1364 3732 cou-

252 3763 326 3834 ,vivii
349 3760 523 3828 exstruendi
545 3782 653 3828 caussa
672 3779 861 3850 purgaretur.

298 3955 302 3962 .
334 3899 448 3966 Eadem
469 3900 535 3965 fere
556 3901 725 3986 conjectura
742 3894 888 3969 Meiuekii
907 3905 962 3971 fuit
983 3907 1105 3991 pudo.
1149 3905 1285 3978 Celerum
1307 3931 1365 3996 pa-

252 4007 353 4093 rasiti,
375 4014 407 4071 ut
428 4009 448 4072 a
467 4028 543 4094 rege
565 4029 618 4072 suo
640 4009 771 4094 gratiam
793 4010 914 4096 inirent,
938 4012 1104 4080 libertdtem
1131 4016 1282 4096 habehant
1308 4040 1365 4082 ve·

253 4113 352 4178 nalem
373 4125 404 4176 et
424 4112 462 4177 ad
484 4113 608 4179 servilia
630 4114 706 4180 adeo
720 4117 886 4183 ministeria
899 4117 1129 4186 descendebant
1141 4121 1307 4206 (Plutarch.
1326 4124 1364 4188 do

255 4221 332 4287 adul.
357 4234 387 4286 et
408 4221 491 4288 amic.
514 4221 642 4286 discrim.
664 4241 693 4306 p.
707 4222 819 4307 oum.
856 4224 958 4300 Quare
970 4225 1214 4294 Hemsterhusius
1237 4228 1364 4295 adPol-
