<?xml version="1.0" encoding="UTF-8"?>
<!DOCTYPE html PUBLIC "-//W3C//DTD XHTML 1.0 Transitional//EN"
    "http://www.w3.org/TR/xhtml1/DTD/xhtml1-transitional.dtd">
<html xmlns="http://www.w3.org/1999/xhtml" xml:lang="en" lang="en">
 <head>
  <title>
</title>
<meta http-equiv="Content-Type" content="text/html;charset=utf-8" />
  <meta name='ocr-system' content='tesseract 3.04.00' />
  <meta name='ocr-capabilities' content='ocr_page ocr_carea ocr_par ocr_line ocrx_word'/>
</head>
<body>
  <div class='ocr_page' id='page_1' title='image "./deeupolidisadul00eupogoog_0062.png"; bbox 0 0 2938 4896; ppageno 0'>
   <div class='ocr_carea' id='block_1_1' title="bbox 550 409 808 481">
    <p class='ocr_par' dir='ltr' id='par_1_1' title="bbox 550 409 808 481">
     <span class='ocr_line' id='line_1_1' title="bbox 550 409 808 481; baseline -0.008 -9"><span class='ocrx_word' id='word_1_1' title='bbox 550 409 808 481; x_wconf 44' lang='lat'><em>457&amp;-</em></span> 
     </span>
    </p>
   </div>
   <div class='ocr_carea' id='block_1_2' title="bbox 512 709 848 794">
    <p class='ocr_par' dir='ltr' id='par_1_2' title="bbox 512 709 848 794">
     <span class='ocr_line' id='line_1_2' title="bbox 512 709 848 794; baseline 0.009 -5"><span class='ocrx_word' id='word_1_2' title='bbox 512 709 673 793; x_wconf 94' lang='lat' dir='ltr'>XXlX.</span> <span class='ocrx_word' id='word_1_3' title='bbox 706 711 848 794; x_wconf 94' lang='lat' dir='ltr'>XXX.</span> 
     </span>
    </p>
   </div>
   <div class='ocr_carea' id='block_1_3' title="bbox 122 897 1235 1091">
    <p class='ocr_par' dir='ltr' id='par_1_3' title="bbox 122 897 1235 1091">
     <span class='ocr_line' id='line_1_3' title="bbox 203 897 1235 985; baseline -0.002 -23"><span class='ocrx_word' id='word_1_4' title='bbox 203 897 314 962; x_wconf 82' lang='lat' dir='ltr'>Pollux</span> <span class='ocrx_word' id='word_1_5' title='bbox 336 897 377 984; x_wconf 77' lang='lat' dir='ltr'>X,</span> <span class='ocrx_word' id='word_1_6' title='bbox 402 898 454 983; x_wconf 84' lang='grc'>90,</span> <span class='ocrx_word' id='word_1_7' title='bbox 479 898 527 966; x_wconf 90' lang='lat' dir='ltr'>nbi</span> <span class='ocrx_word' id='word_1_8' title='bbox 551 899 658 964; x_wconf 89' lang='lat' dir='ltr'>collato</span> <span class='ocrx_word' id='word_1_9' title='bbox 681 898 831 964; x_wconf 80' lang='lat' dir='ltr'><strong>Athenaei</strong></span> <span class='ocrx_word' id='word_1_10' title='bbox 851 899 917 964; x_wconf 92' lang='lat' dir='ltr'>loco</span> <span class='ocrx_word' id='word_1_11' title='bbox 943 898 986 964; x_wconf 95' lang='lat' dir='ltr'>lX</span> <span class='ocrx_word' id='word_1_12' title='bbox 1008 919 1037 985; x_wconf 88' lang='lat' dir='ltr'>p.</span> <span class='ocrx_word' id='word_1_13' title='bbox 1060 899 1158 982; x_wconf 63' lang='lat' dir='ltr'>abac</span> <span class='ocrx_word' id='word_1_14' title='bbox 1186 919 1235 962; x_wconf 93' lang='lat' dir='ltr'>re·</span> 
     </span>
     <span class='ocr_line' id='line_1_4' title="bbox 122 1004 825 1091; baseline 0.006 -23"><span class='ocrx_word' id='word_1_15' title='bbox 122 1005 286 1072; x_wconf 75' lang='lat' dir='ltr'>stimeudus</span> <span class='ocrx_word' id='word_1_16' title='bbox 308 1007 440 1070; x_wconf 88' lang='lat' dir='ltr'>estsine</span> <span class='ocrx_word' id='word_1_17' title='bbox 464 1005 551 1072; x_wconf 80' lang='lat' dir='ltr'>dubio.</span> <span class='ocrx_word' id='word_1_18' title='bbox 575 1004 678 1070; x_wconf 75' lang='lat' dir='ltr'>Iliadis</span> <span class='ocrx_word' id='word_1_19' title='bbox 700 1029 738 1091; x_wconf 84' lang='grc' dir='ltr'>οι,</span> <span class='ocrx_word' id='word_1_20' title='bbox 762 1009 825 1074; x_wconf 84' lang='grc'>304</span> 
     </span>
    </p>
   </div>
   <div class='ocr_carea' id='block_1_4' title="bbox 238 1141 1315 1229">
    <p class='ocr_par' dir='ltr' id='par_1_4' title="bbox 238 1141 1315 1229">
     <span class='ocr_line' id='line_1_5' title="bbox 238 1141 1315 1229; baseline -0.004 -20"><span class='ocrx_word' id='word_1_21' title='bbox 238 1147 240 1152; x_wconf 80' lang='grc'><strong>’</strong></span> <span class='ocrx_word' id='word_1_22' title='bbox 281 1141 432 1227; x_wconf 77' lang='grc' dir='ltr'><strong><em>’χέρνιβον</em></strong></span> <span class='ocrx_word' id='word_1_23' title='bbox 451 1141 627 1229; x_wconf 78' lang='grc' dir='ltr'><em>ἀμφίπολος</em></span> <span class='ocrx_word' id='word_1_24' title='bbox 648 1143 786 1228; x_wconf 85' lang='grc' dir='ltr'><strong><em>πρόχοόν</em></strong></span> <span class='ocrx_word' id='word_1_25' title='bbox 805 1141 837 1208; x_wconf 77' lang='grc' dir='ltr'>θ’</span> <span class='ocrx_word' id='word_1_26' title='bbox 861 1142 927 1227; x_wconf 78' lang='grc' dir='ltr'>ἅμα</span> <span class='ocrx_word' id='word_1_27' title='bbox 946 1143 1048 1228; x_wconf 81' lang='grc' dir='ltr'><strong><em>χερσὶν</em></strong></span> <span class='ocrx_word' id='word_1_28' title='bbox 1069 1141 1189 1227; x_wconf 79' lang='grc' dir='ltr'><strong><em>έχουοα,</em></strong></span> <span class='ocrx_word' id='word_1_29' title='bbox 1313 1175 1315 1180; x_wconf 36' lang='lat' dir='ltr'>v</span> 
     </span>
    </p>
   </div>
   <div class='ocr_carea' id='block_1_5' title="bbox 120 1257 1239 1469">
    <p class='ocr_par' dir='ltr' id='par_1_5' title="bbox 120 1257 1239 1469">
     <span class='ocr_line' id='line_1_6' title="bbox 121 1257 1239 1370; baseline 0.004 -26"><span class='ocrx_word' id='word_1_30' title='bbox 121 1281 164 1344; x_wconf 88' lang='lat' dir='ltr'>sic</span> <span class='ocrx_word' id='word_1_31' title='bbox 186 1284 302 1368; x_wconf 86' lang='lat' dir='ltr'>pergit:</span> <span class='ocrx_word' id='word_1_32' title='bbox 331 1281 441 1368; x_wconf 82' lang='grc' dir='ltr'><strong><em>ῥητέον</em></strong></span> <span class='ocrx_word' id='word_1_33' title='bbox 462 1281 494 1350; x_wconf 89' lang='lat' dir='ltr'>d’</span> <span class='ocrx_word' id='word_1_34' title='bbox 511 1280 594 1351; x_wconf 84' lang='grc' dir='ltr'><strong><em>αὐτὸ</em></strong></span> <span class='ocrx_word' id='word_1_35' title='bbox 614 1283 667 1350; x_wconf 81' lang='grc' dir='ltr'>καὶ</span> <span class='ocrx_word' id='word_1_36' title='bbox 687 1257 910 1370; x_wconf 78' lang='grc' dir='ltr'><strong><em>χειρόνιπτρον,</em></strong></span> <span class='ocrx_word' id='word_1_37' title='bbox 931 1277 1110 1358; x_wconf 78' lang='grc' dir='ltr'><em>Εὐπόλιδος</em></span> <span class='ocrx_word' id='word_1_38' title='bbox 1137 1282 1239 1349; x_wconf 78' lang='grc' dir='ltr'><strong><em>εἰπόν-</em></strong></span> 
     </span>
     <span class='ocr_line' id='line_1_7' title="bbox 120 1385 385 1469; baseline 0.019 -19"><span class='ocrx_word' id='word_1_39' title='bbox 120 1410 173 1462; x_wconf 84' lang='grc' dir='ltr'><strong><em>τος</em></strong></span> <span class='ocrx_word' id='word_1_40' title='bbox 195 1385 229 1453; x_wconf 82' lang='grc' dir='ltr'>έν</span> <span class='ocrx_word' id='word_1_41' title='bbox 250 1387 385 1469; x_wconf 81' lang='grc' dir='ltr'><strong><em>Κόλαξι·</em></strong></span> 
     </span>
    </p>
   </div>
   <div class='ocr_carea' id='block_1_6' title="bbox 123 1500 897 1731">
    <p class='ocr_par' dir='ltr' id='par_1_6' title="bbox 123 1500 897 1731">
     <span class='ocr_line' id='line_1_8' title="bbox 457 1500 897 1615; baseline 0 -19"><span class='ocrx_word' id='word_1_42' title='bbox 457 1535 607 1614; x_wconf 81' lang='grc' dir='ltr'><strong><em>Φροῦδον</em></strong></span> <span class='ocrx_word' id='word_1_43' title='bbox 628 1530 663 1596; x_wconf 89' lang='grc' dir='ltr'><strong><em>τὸ</em></strong></span> <span class='ocrx_word' id='word_1_44' title='bbox 686 1500 897 1615; x_wconf 84' lang='grc' dir='ltr'><strong><em>χειρόνιπτρον</em></strong></span> 
     </span>
     <span class='ocr_line' id='line_1_9' title="bbox 123 1644 838 1731; baseline -0.003 -19"><span class='ocrx_word' id='word_1_45' title='bbox 123 1644 171 1724; x_wconf 79' lang='grc' dir='ltr'>οἷς</span> <span class='ocrx_word' id='word_1_46' title='bbox 191 1646 340 1714; x_wconf 79' lang='grc' dir='ltr'><strong><em>ἐπακτέον</em></strong></span> <span class='ocrx_word' id='word_1_47' title='bbox 359 1649 410 1714; x_wconf 78' lang='grc' dir='ltr'>καὶ</span> <span class='ocrx_word' id='word_1_48' title='bbox 434 1647 590 1731; x_wconf 77' lang='grc' dir='ltr'><em>σπόγγους</em></span> <span class='ocrx_word' id='word_1_49' title='bbox 610 1647 664 1714; x_wconf 84' lang='grc' dir='ltr'>καὶ</span> <span class='ocrx_word' id='word_1_50' title='bbox 683 1650 838 1731; x_wconf 81' lang='grc' dir='ltr'><strong><em>οποχγλας.</em></strong></span> 
     </span>
    </p>
   </div>
   <div class='ocr_carea' id='block_1_7' title="bbox 71 1780 1241 3042">
    <p class='ocr_par' dir='ltr' id='par_1_7' title="bbox 71 1780 1241 2724">
     <span class='ocr_line' id='line_1_10' title="bbox 208 1780 1238 1874; baseline 0 -24"><span class='ocrx_word' id='word_1_51' title='bbox 208 1787 279 1850; x_wconf 82' lang='lat' dir='ltr'>Cod.</span> <span class='ocrx_word' id='word_1_52' title='bbox 298 1787 325 1852; x_wconf 86' lang='lat' dir='ltr'><strong>A</strong></span> <span class='ocrx_word' id='word_1_53' title='bbox 347 1786 501 1874; x_wconf 84' lang='lat' dir='ltr'>Eupolidis</span> <span class='ocrx_word' id='word_1_54' title='bbox 519 1787 611 1850; x_wconf 90' lang='lat' dir='ltr'>verba</span> <span class='ocrx_word' id='word_1_55' title='bbox 628 1787 735 1850; x_wconf 92' lang='lat' dir='ltr'>omittit</span> <span class='ocrx_word' id='word_1_56' title='bbox 757 1800 787 1848; x_wconf 89' lang='lat' dir='ltr'>et</span> <span class='ocrx_word' id='word_1_57' title='bbox 808 1780 908 1850; x_wconf 91' lang='lat' dir='ltr'>statim</span> <span class='ocrx_word' id='word_1_58' title='bbox 930 1785 1012 1850; x_wconf 88' lang='lat' dir='ltr'>addit</span> <span class='ocrx_word' id='word_1_59' title='bbox 1023 1785 1062 1850; x_wconf 90' lang='lat' dir='ltr'>ad</span> <span class='ocrx_word' id='word_1_60' title='bbox 1082 1783 1238 1863; x_wconf 76' lang='grc' dir='ltr'><strong><em>εἰπόντοςε</em></strong></span> 
     </span>
     <span class='ocr_line' id='line_1_11' title="bbox 125 1881 1241 1978; baseline 0 -20"><span class='ocrx_word' id='word_1_61' title='bbox 125 1887 173 1968; x_wconf 80' lang='grc' dir='ltr'>οἷς</span> <span class='ocrx_word' id='word_1_62' title='bbox 193 1891 342 1960; x_wconf 82' lang='grc' dir='ltr'><strong><em>ἐπακτέον</em></strong></span> <span class='ocrx_word' id='word_1_63' title='bbox 362 1918 390 1958; x_wconf 90' lang='grc' dir='ltr'>κ.</span> <span class='ocrx_word' id='word_1_64' title='bbox 412 1917 438 1957; x_wconf 89' lang='grc' dir='ltr'><strong><em>τ.</em></strong></span> <span class='ocrx_word' id='word_1_65' title='bbox 463 1881 494 1956; x_wconf 59' lang='grc' dir='ltr'>λ1</span> <span class='ocrx_word' id='word_1_66' title='bbox 531 1893 701 1956; x_wconf 87' lang='lat' dir='ltr'>Meinekius</span> <span class='ocrx_word' id='word_1_67' title='bbox 722 1883 797 1954; x_wconf 85' lang='lat' dir='ltr'>baec</span> <span class='ocrx_word' id='word_1_68' title='bbox 826 1890 864 1954; x_wconf 91' lang='lat' dir='ltr'>ad</span> <span class='ocrx_word' id='word_1_69' title='bbox 885 1891 1041 1976; x_wconf 82' lang='lat' dir='ltr'>Eupolidis</span> <span class='ocrx_word' id='word_1_70' title='bbox 1068 1893 1241 1978; x_wconf 83' lang='lat' dir='ltr'>fragmenta</span> 
     </span>
     <span class='ocr_line' id='line_1_12' title="bbox 71 1989 1238 2086; baseline 0.003 -26"><span class='ocrx_word' id='word_1_71' title='bbox 71 1989 77 2006; x_wconf 60' lang='lat'>⁸</span> <span class='ocrx_word' id='word_1_72' title='bbox 125 1999 252 2086; x_wconf 74' lang='lat' dir='ltr'>incerta,</span> <span class='ocrx_word' id='word_1_73' title='bbox 277 2023 316 2076; x_wconf 74' lang='lat' dir='ltr'>ex</span> <span class='ocrx_word' id='word_1_74' title='bbox 327 1999 450 2064; x_wconf 91' lang='lat' dir='ltr'>Polluce</span> <span class='ocrx_word' id='word_1_75' title='bbox 465 1997 621 2084; x_wconf 79' lang='lat' dir='ltr'><strong>depromta</strong></span> <span class='ocrx_word' id='word_1_76' title='bbox 636 1995 787 2079; x_wconf 73' lang='lat' dir='ltr'><strong>(Cle-·</strong></span> <span class='ocrx_word' id='word_1_77' title='bbox 799 1995 924 2080; x_wconf 68' lang='lat' dir='ltr'><strong>CXVI),</strong></span> <span class='ocrx_word' id='word_1_78' title='bbox 947 1996 1058 2082; x_wconf 76' lang='lat' dir='ltr'>retulit,</span> <span class='ocrx_word' id='word_1_79' title='bbox 1081 2000 1238 2082; x_wconf 65' lang='lat' dir='ltr'>totum107</span> 
     </span>
     <span class='ocr_line' id='line_1_13' title="bbox 127 2099 1241 2190; baseline 0.003 -22"><span class='ocrx_word' id='word_1_80' title='bbox 127 2127 190 2169; x_wconf 91' lang='lat' dir='ltr'>cum</span> <span class='ocrx_word' id='word_1_81' title='bbox 211 2106 254 2171; x_wconf 92' lang='lat' dir='ltr'>ita</span> <span class='ocrx_word' id='word_1_82' title='bbox 276 2106 425 2170; x_wconf 87' lang='lat' dir='ltr'>scribens:</span> <span class='ocrx_word' id='word_1_83' title='bbox 448 2102 558 2189; x_wconf 78' lang='grc' dir='ltr'><strong><em>ῥητέον</em></strong></span> <span class='ocrx_word' id='word_1_84' title='bbox 580 2100 610 2170; x_wconf 90' lang='lat' dir='ltr'>d&#39;</span> <span class='ocrx_word' id='word_1_85' title='bbox 634 2099 786 2170; x_wconf 79' lang='grc' dir='ltr'><strong><em>αὐτὸκαὶ</em></strong></span> <span class='ocrx_word' id='word_1_86' title='bbox 809 2100 1039 2190; x_wconf 81' lang='grc' dir='ltr'><strong><em>χειρόμακτρον,</em></strong></span> <span class='ocrx_word' id='word_1_87' title='bbox 1062 2103 1241 2183; x_wconf 75' lang='grc' dir='ltr'><strong><em>Εὐπόλιδος</em></strong></span> 
     </span>
     <span class='ocr_line' id='line_1_14' title="bbox 126 2208 1237 2300; baseline 0.002 -24"><span class='ocrx_word' id='word_1_88' title='bbox 126 2209 265 2288; x_wconf 77' lang='grc' dir='ltr'><strong><em>εἰπόντος</em></strong></span> <span class='ocrx_word' id='word_1_89' title='bbox 283 2213 457 2295; x_wconf 71' lang='grc' dir='ltr'><strong><em>,Φροῦδον</em></strong></span> <span class='ocrx_word' id='word_1_90' title='bbox 470 2208 506 2276; x_wconf 85' lang='grc' dir='ltr'><strong><em>τό</em></strong></span> <span class='ocrx_word' id='word_1_91' title='bbox 524 2209 775 2294; x_wconf 83' lang='grc' dir='ltr'><strong><em>χειρόμακτρον,“</em></strong></span> <span class='ocrx_word' id='word_1_92' title='bbox 798 2231 875 2294; x_wconf 89' lang='lat' dir='ltr'>quae</span> <span class='ocrx_word' id='word_1_93' title='bbox 888 2210 975 2274; x_wconf 88' lang='lat' dir='ltr'>lectio</span> <span class='ocrx_word' id='word_1_94' title='bbox 999 2211 1075 2276; x_wconf 90' lang='lat' dir='ltr'>unde</span> <span class='ocrx_word' id='word_1_95' title='bbox 1098 2226 1164 2277; x_wconf 89' lang='lat' dir='ltr'>orta</span> <span class='ocrx_word' id='word_1_96' title='bbox 1186 2214 1237 2300; x_wconf 79' lang='lat' dir='ltr'>sit,</span> 
     </span>
     <span class='ocr_line' id='line_1_15' title="bbox 126 2297 1240 2405; baseline 0.002 -22"><span class='ocrx_word' id='word_1_97' title='bbox 126 2318 238 2383; x_wconf 90' lang='lat' dir='ltr'>nescio.</span> <span class='ocrx_word' id='word_1_98' title='bbox 282 2297 393 2382; x_wconf 78' lang='lat' dir='ltr'>Pollux</span> <span class='ocrx_word' id='word_1_99' title='bbox 421 2317 468 2400; x_wconf 87' lang='grc' dir='ltr'>Π,</span> <span class='ocrx_word' id='word_1_100' title='bbox 501 2319 560 2384; x_wconf 87' lang='lat'>150</span> <span class='ocrx_word' id='word_1_101' title='bbox 586 2329 739 2401; x_wconf 87' lang='lat' dir='ltr'>utrumqne</span> <span class='ocrx_word' id='word_1_102' title='bbox 760 2316 933 2380; x_wconf 87' lang='lat' dir='ltr'>vocabulum</span> <span class='ocrx_word' id='word_1_103' title='bbox 963 2317 1135 2405; x_wconf 83' lang='lat' dir='ltr'>conjungit:</span> <span class='ocrx_word' id='word_1_104' title='bbox 1164 2319 1240 2404; x_wconf 76' lang='grc' dir='ltr'><strong><em>ἐρεῖς</em></strong></span> 
     </span>
     <span class='ocr_line' id='line_1_16' title="bbox 128 2417 1240 2512; baseline 0.002 -23"><span class='ocrx_word' id='word_1_105' title='bbox 128 2421 162 2490; x_wconf 79' lang='grc' dir='ltr'>δέ</span> <span class='ocrx_word' id='word_1_106' title='bbox 181 2424 234 2489; x_wconf 82' lang='grc' dir='ltr'>καὶ</span> <span class='ocrx_word' id='word_1_107' title='bbox 254 2421 476 2509; x_wconf 81' lang='grc' dir='ltr'><strong><em>χειρόνιπτρον,</em></strong></span> <span class='ocrx_word' id='word_1_108' title='bbox 496 2417 727 2508; x_wconf 77' lang='grc' dir='ltr'><strong><em>χειρόμαιιτρον.</em></strong></span> <span class='ocrx_word' id='word_1_109' title='bbox 782 2421 864 2488; x_wconf 83' lang='lat' dir='ltr'><strong>Voce</strong></span> <span class='ocrx_word' id='word_1_110' title='bbox 885 2419 1097 2507; x_wconf 86' lang='grc' dir='ltr'><strong><em>χειρόνιπτρον</em></strong></span> <span class='ocrx_word' id='word_1_111' title='bbox 1116 2426 1240 2512; x_wconf 84' lang='lat' dir='ltr'>Eupolis</span> 
     </span>
     <span class='ocr_line' id='line_1_17' title="bbox 129 2525 1241 2629; baseline -0.004 -35"><span class='ocrx_word' id='word_1_112' title='bbox 129 2532 219 2597; x_wconf 90' lang='lat' dir='ltr'>etiam</span> <span class='ocrx_word' id='word_1_113' title='bbox 240 2533 271 2596; x_wconf 91' lang='lat' dir='ltr'>iu</span> <span class='ocrx_word' id='word_1_114' title='bbox 293 2527 395 2595; x_wconf 78' lang='lat' dir='ltr'>llemi&#39;s</span> <span class='ocrx_word' id='word_1_115' title='bbox 417 2543 465 2594; x_wconf 87' lang='lat' dir='ltr'>est</span> <span class='ocrx_word' id='word_1_116' title='bbox 484 2553 564 2596; x_wconf 89' lang='lat' dir='ltr'>usus.</span> <span class='ocrx_word' id='word_1_117' title='bbox 607 2529 676 2596; x_wconf 89' lang='lat' dir='ltr'>Vid.</span> <span class='ocrx_word' id='word_1_118' title='bbox 698 2527 807 2629; x_wconf 66' lang='lat' dir='ltr'>Athen.</span> <span class='ocrx_word' id='word_1_119' title='bbox 829 2528 849 2593; x_wconf 95' lang='lat' dir='ltr'>l.</span> <span class='ocrx_word' id='word_1_120' title='bbox 872 2528 892 2593; x_wconf 95' lang='lat' dir='ltr'>l.</span> <span class='ocrx_word' id='word_1_121' title='bbox 916 2542 946 2594; x_wconf 90' lang='lat' dir='ltr'>et</span> <span class='ocrx_word' id='word_1_122' title='bbox 973 2549 1003 2615; x_wconf 91' lang='lat' dir='ltr'>p.</span> <span class='ocrx_word' id='word_1_123' title='bbox 1024 2525 1104 2611; x_wconf 83' lang='grc'>410,</span> <span class='ocrx_word' id='word_1_124' title='bbox 1139 2525 1168 2612; x_wconf 74' lang='lat' dir='ltr'>b,</span> <span class='ocrx_word' id='word_1_125' title='bbox 1191 2525 1241 2590; x_wconf 91' lang='lat' dir='ltr'>ubi</span> 
     </span>
     <span class='ocr_line' id='line_1_18' title="bbox 128 2621 790 2724; baseline -0.002 -23"><span class='ocrx_word' id='word_1_126' title='bbox 128 2639 191 2724; x_wconf 84' lang='lat' dir='ltr'>egit</span> <span class='ocrx_word' id='word_1_127' title='bbox 212 2637 250 2701; x_wconf 91' lang='lat' dir='ltr'>de</span> <span class='ocrx_word' id='word_1_128' title='bbox 272 2638 439 2702; x_wconf 85' lang='lat' dir='ltr'>discrimine</span> <span class='ocrx_word' id='word_1_129' title='bbox 461 2640 613 2722; x_wconf 85' lang='lat' dir='ltr'>utriusque</span> <span class='ocrx_word' id='word_1_130' title='bbox 636 2621 790 2700; x_wconf 69' lang='lat' dir='ltr'>vocis.—</span> 
     </span>
    </p>

    <p class='ocr_par' dir='ltr' id='par_1_8' title="bbox 127 2739 1240 3042">
     <span class='ocr_line' id='line_1_19' title="bbox 210 2739 1240 2828; baseline -0.006 -20"><span class='ocrx_word' id='word_1_131' title='bbox 210 2744 370 2809; x_wconf 89' lang='lat' dir='ltr'>Postremo</span> <span class='ocrx_word' id='word_1_132' title='bbox 385 2744 530 2828; x_wconf 82' lang='lat' dir='ltr'>attingam</span> <span class='ocrx_word' id='word_1_133' title='bbox 545 2743 745 2827; x_wconf 82' lang='lat' dir='ltr'><strong>fragmentum</strong></span> <span class='ocrx_word' id='word_1_134' title='bbox 757 2740 889 2804; x_wconf 89' lang='lat' dir='ltr'>incertae</span> <span class='ocrx_word' id='word_1_135' title='bbox 905 2739 999 2824; x_wconf 74' lang='lat' dir='ltr'>sedis,</span> <span class='ocrx_word' id='word_1_136' title='bbox 1023 2739 1100 2824; x_wconf 91' lang='lat' dir='ltr'>qnod</span> <span class='ocrx_word' id='word_1_137' title='bbox 1117 2751 1240 2804; x_wconf 86' lang='lat' dir='ltr'>nostrae</span> 
     </span>
     <span class='ocr_line' id='line_1_20' title="bbox 127 2844 1237 2940; baseline -0.004 -27"><span class='ocrx_word' id='word_1_138' title='bbox 127 2850 247 2914; x_wconf 86' lang='lat' dir='ltr'>fabulae</span> <span class='ocrx_word' id='word_1_139' title='bbox 269 2850 401 2914; x_wconf 87' lang='lat' dir='ltr'>fortasse</span> <span class='ocrx_word' id='word_1_140' title='bbox 424 2848 608 2931; x_wconf 76' lang='lat' dir='ltr'>tribuendum</span> <span class='ocrx_word' id='word_1_141' title='bbox 632 2860 687 2912; x_wconf 89' lang='lat' dir='ltr'>est.</span> <span class='ocrx_word' id='word_1_142' title='bbox 717 2845 891 2911; x_wconf 88' lang='lat' dir='ltr'>Eustathius</span> <span class='ocrx_word' id='word_1_143' title='bbox 914 2845 953 2940; x_wconf 88' lang='lat' dir='ltr'>ad</span> <span class='ocrx_word' id='word_1_144' title='bbox 974 2844 1009 2910; x_wconf 92' lang='lat' dir='ltr'>Il.</span> <span class='ocrx_word' id='word_1_145' title='bbox 1031 2865 1061 2931; x_wconf 91' lang='lat' dir='ltr'>p.</span> <span class='ocrx_word' id='word_1_146' title='bbox 1085 2846 1237 2930; x_wconf 58' lang='lat' dir='ltr'>tranat.</span> 
     </span>
     <span class='ocr_line' id='line_1_21' title="bbox 131 2953 498 3042; baseline -0.014 -18"><span class='ocrx_word' id='word_1_147' title='bbox 131 2953 460 3042; x_wconf 63' lang='lat' dir='ltr'>tarantasmum·</span> <span class='ocrx_word' id='word_1_148' title='bbox 497 2965 498 2975; x_wconf 76' lang='grc'>’</span> 
     </span>
    </p>
   </div>
   <div class='ocr_carea' id='block_1_8' title="bbox 296 3099 1042 3191">
    <p class='ocr_par' dir='ltr' id='par_1_9' title="bbox 296 3099 1042 3191">
     <span class='ocr_line' id='line_1_22' title="bbox 296 3099 1042 3191; baseline -0.008 -20"><span class='ocrx_word' id='word_1_149' title='bbox 296 3104 345 3171; x_wconf 84' lang='grc' dir='ltr'>Οὐ</span> <span class='ocrx_word' id='word_1_150' title='bbox 365 3102 425 3191; x_wconf 80' lang='grc' dir='ltr'>γὰρ</span> <span class='ocrx_word' id='word_1_151' title='bbox 444 3103 595 3171; x_wconf 77' lang='grc' dir='ltr'><strong><em>λέλειπται</em></strong></span> <span class='ocrx_word' id='word_1_152' title='bbox 614 3108 679 3169; x_wconf 76' lang='grc' dir='ltr'><strong><em>τόν</em></strong></span> <span class='ocrx_word' id='word_1_153' title='bbox 700 3102 783 3188; x_wconf 76' lang='grc' dir='ltr'><strong><em>ἐμῶν</em></strong></span> <span class='ocrx_word' id='word_1_154' title='bbox 804 3099 874 3169; x_wconf 79' lang='grc' dir='ltr'><strong><em>οὐδ’</em></strong></span> <span class='ocrx_word' id='word_1_155' title='bbox 898 3099 1042 3186; x_wconf 75' lang='grc' dir='ltr'><strong><em>έχκαφος.</em></strong></span> 
     </span>
    </p>
   </div>
   <div class='ocr_carea' id='block_1_9' title="bbox 131 3247 1243 3660">
    <p class='ocr_par' dir='ltr' id='par_1_10' title="bbox 131 3247 1243 3551">
     <span class='ocr_line' id='line_1_23' title="bbox 212 3247 1242 3342; baseline -0.006 -22"><span class='ocrx_word' id='word_1_156' title='bbox 212 3255 326 3322; x_wconf 89' lang='lat' dir='ltr'>Eodem</span> <span class='ocrx_word' id='word_1_157' title='bbox 348 3255 440 3342; x_wconf 77' lang='lat' dir='ltr'>modo¹</span> <span class='ocrx_word' id='word_1_158' title='bbox 457 3255 504 3318; x_wconf 83' lang='lat' dir='ltr'>bic</span> <span class='ocrx_word' id='word_1_159' title='bbox 523 3275 628 3318; x_wconf 87' lang='lat' dir='ltr'>versus</span> <span class='ocrx_word' id='word_1_160' title='bbox 645 3253 734 3340; x_wconf 77' lang='lat' dir='ltr'>vulgo</span> <span class='ocrx_word' id='word_1_161' title='bbox 749 3253 860 3339; x_wconf 80' lang='lat' dir='ltr'>legitur</span> <span class='ocrx_word' id='word_1_162' title='bbox 881 3253 913 3316; x_wconf 92' lang='lat' dir='ltr'>in</span> <span class='ocrx_word' id='word_1_163' title='bbox 926 3249 1021 3316; x_wconf 88' lang='lat' dir='ltr'>Suida</span> <span class='ocrx_word' id='word_1_164' title='bbox 1041 3247 1242 3333; x_wconf 77' lang='grc' dir='ltr'><strong><em>ε.Ἕγιιαφος,</em></strong></span> 
     </span>
     <span class='ocr_line' id='line_1_24' title="bbox 133 3356 1243 3446; baseline -0.005 -21"><span class='ocrx_word' id='word_1_165' title='bbox 133 3382 209 3445; x_wconf 87' lang='lat' dir='ltr'>quae</span> <span class='ocrx_word' id='word_1_166' title='bbox 230 3362 337 3446; x_wconf 86' lang='lat' dir='ltr'>glossa</span> <span class='ocrx_word' id='word_1_167' title='bbox 358 3382 443 3445; x_wconf 85' lang='lat' dir='ltr'>quum</span> <span class='ocrx_word' id='word_1_168' title='bbox 465 3361 497 3422; x_wconf 90' lang='lat' dir='ltr'>in</span> <span class='ocrx_word' id='word_1_169' title='bbox 517 3361 664 3426; x_wconf 87' lang='lat' dir='ltr'>codicibus</span> <span class='ocrx_word' id='word_1_170' title='bbox 686 3361 775 3445; x_wconf 85' lang='lat' dir='ltr'>desit,</span> <span class='ocrx_word' id='word_1_171' title='bbox 798 3379 893 3444; x_wconf 86' lang='lat' dir='ltr'>nuper</span> <span class='ocrx_word' id='word_1_172' title='bbox 914 3369 1062 3442; x_wconf 87' lang='lat' dir='ltr'>expuncta</span> <span class='ocrx_word' id='word_1_173' title='bbox 1083 3365 1139 3420; x_wconf 87' lang='lat' dir='ltr'>est.</span> <span class='ocrx_word' id='word_1_174' title='bbox 1160 3356 1243 3420; x_wconf 90' lang='lat' dir='ltr'>Male</span> 
     </span>
     <span class='ocr_line' id='line_1_25' title="bbox 131 3457 1241 3551; baseline -0.005 -18"><span class='ocrx_word' id='word_1_175' title='bbox 131 3468 180 3533; x_wconf 93' lang='lat' dir='ltr'>bic</span> <span class='ocrx_word' id='word_1_176' title='bbox 200 3467 281 3530; x_wconf 83' lang='lat' dir='ltr'>locus</span> <span class='ocrx_word' id='word_1_177' title='bbox 304 3466 462 3530; x_wconf 84' lang='lat' dir='ltr'>exhibetur</span> <span class='ocrx_word' id='word_1_178' title='bbox 484 3467 515 3529; x_wconf 91' lang='lat' dir='ltr'>in</span> <span class='ocrx_word' id='word_1_179' title='bbox 536 3465 676 3532; x_wconf 90' lang='lat' dir='ltr'>Zonarae</span> <span class='ocrx_word' id='word_1_180' title='bbox 697 3465 775 3530; x_wconf 84' lang='lat' dir='ltr'>Lex.</span> <span class='ocrx_word' id='word_1_181' title='bbox 797 3486 826 3551; x_wconf 92' lang='lat' dir='ltr'>p.</span> <span class='ocrx_word' id='word_1_182' title='bbox 849 3466 910 3533; x_wconf 90' lang='grc'>603</span> <span class='ocrx_word' id='word_1_183' title='bbox 931 3457 999 3529; x_wconf 79' lang='grc' dir='ltr'><strong><em>οὔτ’</em></strong></span> <span class='ocrx_word' id='word_1_184' title='bbox 1023 3459 1063 3548; x_wconf 79' lang='lat' dir='ltr'>do</span> <span class='ocrx_word' id='word_1_185' title='bbox 1083 3459 1241 3546; x_wconf 81' lang='grc' dir='ltr'><strong><em>λέλειπται,</em></strong></span> 
     </span>
    </p>

    <p class='ocr_par' dir='ltr' id='par_1_11' title="bbox 131 3567 1243 3660">
     <span class='ocr_line' id='line_1_26' title="bbox 131 3567 1243 3660; baseline 0 -24"><span class='ocrx_word' id='word_1_186' title='bbox 131 3574 217 3658; x_wconf 89' lang='lat' dir='ltr'>pejus</span> <span class='ocrx_word' id='word_1_187' title='bbox 246 3573 336 3638; x_wconf 91' lang='lat' dir='ltr'>etiam</span> <span class='ocrx_word' id='word_1_188' title='bbox 365 3572 394 3636; x_wconf 93' lang='lat' dir='ltr'>in</span> <span class='ocrx_word' id='word_1_189' title='bbox 422 3571 553 3658; x_wconf 89' lang='lat' dir='ltr'>Etymol.</span> <span class='ocrx_word' id='word_1_190' title='bbox 581 3572 687 3660; x_wconf 77' lang='lat' dir='ltr'>Magn.</span> <span class='ocrx_word' id='word_1_191' title='bbox 715 3593 744 3659; x_wconf 94' lang='lat' dir='ltr'>p.</span> <span class='ocrx_word' id='word_1_192' title='bbox 768 3573 840 3658; x_wconf 88' lang='grc'>310,</span> <span class='ocrx_word' id='word_1_193' title='bbox 872 3572 909 3638; x_wconf 83' lang='grc'>21</span> <span class='ocrx_word' id='word_1_194' title='bbox 939 3567 1010 3636; x_wconf 80' lang='grc' dir='ltr'><strong><em>οὔτ’</em></strong></span> <span class='ocrx_word' id='word_1_195' title='bbox 1034 3568 1074 3654; x_wconf 76' lang='grc' dir='ltr'>ἂρ</span> <span class='ocrx_word' id='word_1_196' title='bbox 1094 3569 1243 3655; x_wconf 82' lang='grc' dir='ltr'><strong><em>λέλησται,</em></strong></span> 
     </span>
    </p>
   </div>
   <div class='ocr_carea' id='block_1_10' title="bbox 132 3673 1387 3768">
    <p class='ocr_par' dir='ltr' id='par_1_12' title="bbox 132 3673 1387 3768">
     <span class='ocr_line' id='line_1_27' title="bbox 132 3673 1387 3768; baseline -0.002 -25"><span class='ocrx_word' id='word_1_197' title='bbox 132 3680 209 3743; x_wconf 86' lang='lat' dir='ltr'>unde</span> <span class='ocrx_word' id='word_1_198' title='bbox 232 3680 309 3745; x_wconf 90' lang='lat' dir='ltr'>male</span> <span class='ocrx_word' id='word_1_199' title='bbox 339 3679 458 3765; x_wconf 83' lang='lat' dir='ltr'>scripsit</span> <span class='ocrx_word' id='word_1_200' title='bbox 479 3677 694 3744; x_wconf 86' lang='lat' dir='ltr'>Valckenarius</span> <span class='ocrx_word' id='word_1_201' title='bbox 724 3678 763 3743; x_wconf 89' lang='lat' dir='ltr'>ad</span> <span class='ocrx_word' id='word_1_202' title='bbox 783 3678 919 3743; x_wconf 86' lang='lat' dir='ltr'>Ammon.</span> <span class='ocrx_word' id='word_1_203' title='bbox 943 3697 972 3763; x_wconf 90' lang='lat' dir='ltr'>p.</span> <span class='ocrx_word' id='word_1_204' title='bbox 996 3679 1038 3743; x_wconf 81' lang='lat'>20</span> <span class='ocrx_word' id='word_1_205' title='bbox 1060 3673 1099 3741; x_wconf 84' lang='grc' dir='ltr'>οὐ</span> <span class='ocrx_word' id='word_1_206' title='bbox 1120 3674 1179 3760; x_wconf 80' lang='grc' dir='ltr'>γὰρ</span> <span class='ocrx_word' id='word_1_207' title='bbox 1200 3674 1244 3742; x_wconf 79' lang='grc' dir='ltr'>λέ-</span> <span class='ocrx_word' id='word_1_208' title='bbox 1381 3759 1387 3768; x_wconf 38' lang='grc' dir='ltr'>Ι</span> 
     </span>
    </p>
   </div>
   <div class='ocr_carea' id='block_1_11' title="bbox 133 3782 1245 3978">
    <p class='ocr_par' dir='ltr' id='par_1_13' title="bbox 133 3782 1245 3978">
     <span class='ocr_line' id='line_1_28' title="bbox 133 3782 1245 3870; baseline -0.002 -20"><span class='ocrx_word' id='word_1_209' title='bbox 133 3789 250 3868; x_wconf 82' lang='grc' dir='ltr'><strong><em>ληοται.</em></strong></span> <span class='ocrx_word' id='word_1_210' title='bbox 311 3785 460 3850; x_wconf 82' lang='lat' dir='ltr'>Eustatlrii</span> <span class='ocrx_word' id='word_1_211' title='bbox 491 3806 565 3849; x_wconf 87' lang='lat' dir='ltr'>vero</span> <span class='ocrx_word' id='word_1_212' title='bbox 598 3786 774 3870; x_wconf 87' lang='lat' dir='ltr'>scripturam</span> <span class='ocrx_word' id='word_1_213' title='bbox 807 3785 875 3867; x_wconf 86' lang='lat' dir='ltr'>jure</span> <span class='ocrx_word' id='word_1_214' title='bbox 912 3782 1075 3868; x_wconf 89' lang='lat' dir='ltr'>probarunt</span> <span class='ocrx_word' id='word_1_215' title='bbox 1112 3782 1245 3869; x_wconf 85' lang='lat' dir='ltr'>Toupius</span> 
     </span>
     <span class='ocr_line' id='line_1_29' title="bbox 135 3887 1243 3978; baseline -0.002 -22"><span class='ocrx_word' id='word_1_216' title='bbox 135 3893 203 3957; x_wconf 81' lang='lat' dir='ltr'>Cur.</span> <span class='ocrx_word' id='word_1_217' title='bbox 221 3891 300 3958; x_wconf 83' lang='lat' dir='ltr'>Nou.</span> <span class='ocrx_word' id='word_1_218' title='bbox 322 3893 352 3956; x_wconf 92' lang='lat' dir='ltr'>in</span> <span class='ocrx_word' id='word_1_219' title='bbox 376 3891 498 3956; x_wconf 88' lang='lat' dir='ltr'>Suidam</span> <span class='ocrx_word' id='word_1_220' title='bbox 518 3912 549 3978; x_wconf 90' lang='lat' dir='ltr'>p.</span> <span class='ocrx_word' id='word_1_221' title='bbox 572 3891 652 3975; x_wconf 84' lang='grc'>299,</span> <span class='ocrx_word' id='word_1_222' title='bbox 677 3889 842 3956; x_wconf 86' lang='lat' dir='ltr'>llnnkelius</span> <span class='ocrx_word' id='word_1_223' title='bbox 870 3909 900 3975; x_wconf 87' lang='lat' dir='ltr'>p.</span> <span class='ocrx_word' id='word_1_224' title='bbox 924 3889 996 3974; x_wconf 76' lang='lat'>171,</span> <span class='ocrx_word' id='word_1_225' title='bbox 1018 3887 1188 3954; x_wconf 85' lang='lat' dir='ltr'>Meinekius</span> <span class='ocrx_word' id='word_1_226' title='bbox 1214 3911 1243 3975; x_wconf 96' lang='lat' dir='ltr'>p.</span> 
     </span>
    </p>
   </div>
   <div class='ocr_carea' id='block_1_12' title="bbox 134 4000 1244 4190">
    <p class='ocr_par' dir='ltr' id='par_1_14' title="bbox 134 4000 1244 4190">
     <span class='ocr_line' id='line_1_30' title="bbox 134 4000 1244 4190; baseline 0.02 -30"><span class='ocrx_word' id='word_1_227' title='bbox 134 4000 289 4172; x_wconf 37' lang='lat' dir='ltr'>565&#39;Eum</span> <span class='ocrx_word' id='word_1_228' title='bbox 319 4102 474 4190; x_wconf 88' lang='lat' dir='ltr'>Eupolidis</span> <span class='ocrx_word' id='word_1_229' title='bbox 500 4104 566 4169; x_wconf 88' lang='lat' dir='ltr'>loco</span> <span class='ocrx_word' id='word_1_230' title='bbox 601 4121 762 4188; x_wconf 88' lang='lat' dir='ltr'>componas</span> <span class='ocrx_word' id='word_1_231' title='bbox 791 4101 955 4166; x_wconf 84' lang='lat' dir='ltr'>simillimos</span> <span class='ocrx_word' id='word_1_232' title='bbox 987 4101 1079 4167; x_wconf 86' lang='lat' dir='ltr'>Arist.</span> <span class='ocrx_word' id='word_1_233' title='bbox 1113 4101 1244 4188; x_wconf 71' lang='lat' dir='ltr'>Lyslslr·</span> 
     </span>
    </p>
   </div>
   <div class='ocr_carea' id='block_1_13' title="bbox 136 4214 261 4281">
    <p class='ocr_par' dir='ltr' id='par_1_15' title="bbox 136 4214 261 4281">
     <span class='ocr_line' id='line_1_31' title="bbox 136 4214 261 4281; baseline -0.008 -4"><span class='ocrx_word' id='word_1_234' title='bbox 136 4235 165 4277; x_wconf 88' lang='lat' dir='ltr'>v.</span> <span class='ocrx_word' id='word_1_235' title='bbox 191 4214 261 4281; x_wconf 79' lang='lat'>107:</span> 
     </span>
    </p>
   </div>
   <div class='ocr_carea' id='block_1_14' title="bbox 0 0 1490 4896">
    <p class='ocr_par' dir='ltr' id='par_1_16' title="bbox 0 0 1490 4896">
     <span class='ocr_line' id='line_1_32' title="bbox 0 0 1490 4896; baseline 0 0"><span class='ocrx_word' id='word_1_236' title='bbox 0 0 1490 4896; x_wconf 95' lang='lat' dir='ltr'> </span> 
     </span>
    </p>
   </div>
  </div>
 </body>
</html>
