2938 4896
558 387 813 466 «awe—

5 551 6 574 l
125 587 271 676 βρυγμός.
292 585 571 674 Recepntimten
586 583 669 650 addit
681 576 1235 669 Μοίαοὶὶαε,”οαοςὸ’ὁρρυγρὸς-;

126 695 202 762 Tum
211 707 242 759 et
248 693 447 782 Etymologus
463 689 690 778 elPlnryuicluus
705 689 840 756 lieltlteri
852 709 880 776 p.
887 691 940 778 30,
953 691 996 758 28
1006 689 1201 777 scripserant,
1215 713 1236 773 η

125 801 278 878 σύντονος
298 797 408 885 loeta
438 799 479 864 Αι
497 794 627 873 meede
646 795 721 860 nilnil
742 795 823 860 aliud
844 815 930 882 quam
951 795 1097 880 planctum
1119 795 1235 882 signifi-

124 924 183 976 cat
226 911 311 993 Ergo
339 907 398 971 vim
418 906 501 972 vocis
527 898 665 989 dptrppds
684 923 743 968 non
765 901 913 968 intellexit
932 903 1160 989 grammaticus,
1190 911 1236 966 te·
1309 923 1312 932 ’

5 1027 7 1032 ‘
126 1037 208 1081 mere
230 1015 359 1080 confusis
380 1013 481 1078 verbis
501 1011 629 1096 βρύκειν
649 1023 680 1074 et
699 1007 839 1096 βρύκειν,
862 1010 898 1075 de
922 1031 1044 1096 quorum
1068 1007 1238 1074 discrimine

122 1114 329 1209 'exposuerunt
344 1119 534 1184 Hermannus
556 1116 595 1182 ad
615 1116 814 1182 Philoctetam
838 1137 865 1179 v.
882 1117 954 1202 745,
978 1117 1071 1202 intpp.
1094 1115 1133 1180 ad
1148 1114 1235 1180 Moe·

120 1227 169 1294 rin
189 1249 219 1314 p.
242 1227 285 1294 99
305 1245 389 1310 sopp,
412 1222 648 1288 Valckenaerise
670 1223 709 1287 ad
730 1221 914 1288 Ammonium
937 1243 966 1308 p.
987 1223 1039 1289 32.
1081 1221 1148 1287 Hoc
1170 1221 1240 1286 tlioit

122 1331 264 1419 Eupolis:
296 1343 461 1416 quantus
483 1343 543 1394 est
562 1329 742 1396 fremitus
772 1337 806 1393 et
835 1342 978 1420 quanta
998 1327 1237 1393 lamentatio

124 1437 162 1502 in
183 1437 363 1502 aedibus!
406 1435 469 1500 Sed
498 1436 546 1502 vir
571 1435 697 1502 eximius
726 1457 811 1521 quum
841 1433 881 1500 11.
910 1434 925 1499 1
952 1457 983 1522 p.
1009 1436 1032 1504 8
1059 1449 1090 1500 et
1117 1455 1147 1524 p.
1176 1433 1239 1501 492

122 1543 348 1632 grammaticum
370 1543 407 1606 de
428 1565 503 1606 voce
524 1537 661 1626 βρυγμὸς
681 1540 827 1603 dicentem
849 1539 1002 1626 audisset,
1036 1562 1124 1606 error
1144 1542 1239 1606 traxit

125 1669 266 1735 errores,
296 1649 421 1712 alterum
452 1645 490 1712 de
523 1663 606 1712 noua
633 1643 853 1731 significatione
887 1646 1046 1712 verborum
1073 1644 1180 1714 κόπτοι
1209 1664 1239 1712 et

123 1752 268 1841 ιιοιιειός,
305 1753 430 1820 alterum
456 1751 493 1817 de
519 1752 691 1840 comoedia,
725 1751 812 1836 hujus
839 1750 1003 1839 fragmenti
1030 1753 1122 1842 sede,
1160 1777 1237 1842 quae

122 1860 212 1952 plane
234 1874 282 1926 est
301 1859 426 1924 incerta.
469 1857 584 1943 Nempe
608 1859 696 1944 operi
715 1857 808 1942 longo
833 1895 881 1922 -.

629 2042 730 2127 xx.
775 2139 781 2150 x

205 2209 272 2273 Hos
293 2229 412 2293 versus,
437 2209 487 2292 qui
507 2220 631 2273 exstant
652 2210 731 2295 apud
754 2207 907 2286 Pollucem
928 2206 977 2294 X,
1002 2207 1060 2292 10,
1085 2229 1169 2294 quum
1198 2211 1238 2277 ad

125 2313 219 2379 Arist.
240 2313 345 2379 Ranae
365 2333 395 2398 p.
416 2312 478 2379 217
500 2311 660 2399 diligenter
687 2311 952 2400 pertractaverim,
985 2311 1042 2376 hoc
1062 2326 1161 2379 tamen
1184 2316 1238 2381 ad·

119 2419 233 2506 jiciam,
256 2418 409 2484 dubitasse
430 2439 477 2482 me
494 2418 559 2504 jam
582 2434 641 2486 tum
662 2415 750 2505 atq‘ue
773 2418 931 2484 etiamnum
953 2416 1100 2504 dubitare,
1124 2439 1164 2486 an
1181 2441 1237 2508 po·

125 2527 237 2591 stetim
256 2547 363 2591 versus
385 2525 485 2613 paullo
508 2527 596 2593 aliter
616 2525 862 2612 scribendussit,

291 2654 490 2745 Ihpomloict'
513 2657 635 2736 ὄντας
655 2675 706 2724 σοι
725 2654 894 2740 γέγραπται
913 2654 1056 2724 adamim
1292 2731 1296 2738 k

208 2787 376 2872 Πραειαὼν
396 2827 438 2838 -
457 2787 592 2874 ἐπήγαγε
610 2785 732 2873 saepius
753 2787 797 2850 ita
819 2789 895 2853 dixit
915 2787 1044 2874 Pollux,
1083 2792 1174 2856 ueluti
1195 2792 1236 2877 X,

123 2894 175 2962 41.
219 2892 293 2959 Tum
315 2915 430 2982 operae
451 2896 578 2982 pretium
599 2893 690 2959 luerit
709 2896 870 2962 contulisse
893 2918 911 2959 e
932 2904 1112 2960 testamento
1129 2896 1236 2976 Plato-

125 2998 172 3064 nis
194 2999 274 3086 apud
293 2999 387 3086 Diog.
408 2999 512 3068 Laert.
527 3001 584 3088 111,
599 3003 640 3068 43
661 2999 757 3084 σκεύη
776 2998 815 3066 τὰ
834 2997 1034 3086 γεγραμμένα.
1075 3000 1237 3068 Postremo

125 3105 289 3192 quaeritur,
313 3106 382 3193 quid
403 3107 454 3192 sit,
480 3107 558 3194 qnod
580 3106 694 3172 Calliae
721 3108 859 3196 supellex
887 3109 925 3172 de
947 3107 1057 3192 scripto
1086 3099 1236 3176 ceeitetur.

125 3210 213 3295 Cujus
234 3213 281 3281 rei
302 3233 423 3278 causam
444 3213 546 3278 nescio
568 3234 608 3278 an
629 3199 773 3300 colligere
804 3208 895 3281 liceat
915 3236 955 3279 ex
982 3215 1158 3300 Athenaeo,
1190 3218 1239 3300 qui

3 3401 5 3414 .
125 3315 153 3380 V
182 3336 211 3402 p.
236 3320 349 3404 218,c
382 3318 420 3383 de
448 3317 504 3386 hac
528 3316 600 3406 ipsa
628 3321 782 3385 comoedia
808 3321 851 3386 sic
875 3321 1019 3404 loquitur:
1053 3319 1240 3404 πρόσφατον

123 3417 185 3504 γάρ
204 3443 275 3488 τινα
294 3426 352 3490 τοῦ
382 3425 522 3492 Καλλίου
548 3422 606 3512 τὴν
626 3423 806 3510 παράληψιν
829 3426 886 3509 τῆς
905 3419 1014 3501 οὐσίας
1041 3421 1182 3518 ἐμφαίνει
1201 3423 1239 3494 τὸ

123 3528 234 3612 δρᾶμα.

603 3667 750 3814 xxv.

208 3879 282 3948 Dixi
305 3883 336 3947 in
360 3882 498 3960 Quaestt.
545 3885 700 3970 Aristoph.
728 3905 758 3972 p.
786 3885 867 3966 202,
900 3907 986 3971 quum
1013 3885 1238 3954 Gltoeroboscus

128 3986 263 4054 liekkeri
283 4010 313 4077 p.
336 3989 417 4060 1196
432 4011 473 4054 ex
486 3990 699 4058 Adulatorilms
717 3990 950 4077 acescentem,
975 3989 1035 4069 otc
1045 3995 1108 4058 νῦν
1121 3987 1239 4078 ἀγροὺς

130 4095 183 4160 sud
202 4093 343 4181 πρόβατα
362 4094 415 4162 nol
433 4098 528 4181 βοῦς,
549 4095 699 4162 simillima
723 4094 879 4184 Eupolidis
908 4097 1003 4162 veria
1030 4098 1109 4184 apud
1134 4098 1237 4185 Phry·

133 4199 250 4302 michem
270 4202 416 4288 peuken,
437 4224 468 4291 p.
492 4202 542 4289 17,
564 4203 607 4272 30
626 4203 724 4270 laetos
741 4199 834 4287 κέληῑ
852 4195 1011 4270 ἀσκοῦντα
1029 4199 1087 4282 θὲς
1106 4203 1145 4272 ad
1166 4224 1239 4272 caa-
