2938 4896
672 391 933 462 «ette-

248 601 325 653 eunt.
368 585 431 651 lle·
453 583 531 650 eninr
550 599 664 646 remma
685 580 717 644 iu
737 602 774 644 eo
796 593 948 664 vereatur,
971 591 1066 642 utrum
1086 569 1303 657 παραπλήσιον
1325 570 1366 634 sit

247 692 379 758 Pollucis
402 710 441 754 nu
456 687 627 774 Eupolilio
676 686 719 751 At
737 685 908 752 Meineluiur
931 684 1049 772 quilleno
1069 679 1240 766 llunoviun
1262 677 1363 762 sequi-

248 813 314 883 tur,
353 797 403 882 qui
430 796 451 861 l.
472 795 492 860 l.
514 790 731 877 wattincurt
749 791 883 858 Pollucis
903 793 1025 858 uerbum
1056 811 1125 856 esne
1147 783 1309 868 contendit,
1333 782 1363 847 id

249 904 325 990 qnod
355 903 419 988 jam
451 899 697 966 llenrsterhusius
730 898 820 963 tacite
859 907 977 964 secutus
1007 910 1063 961 ent.
1121 892 1226 959 Nullus
1261 903 1361 954 tomen

247 1011 353 1076 horum
381 1007 601 1073 triumvirorum
629 1017 768 1090 corrupto
791 1005 892 1070 versui
919 1002 1064 1070 medelam
1088 999 1194 1064 attulit.
1245 995 1360 1060 Eadem

249 1115 390 1201 opinione
419 1125 523 1200 coptus
549 1110 694 1176 Pauwius
723 1111 761 1176 od
782 1110 986 1198 Phrynichurn
1006 1109 1027 1171 1.
1049 1106 1070 1171 1.
1092 1105 1224 1191 conjicit:

455 1248 512 1327 θὶς
532 1247 582 1331 σὺ,
603 1245 770 1335 pipponem
786 1249 889 1316 τοῖσδε
908 1243 1054 1326 cicala,

247 1413 331 1478 inam
353 1424 384 1476 et
404 1411 559 1476 irridenda
580 1411 650 1476 crisi
673 1413 720 1493 (ut
739 1409 884 1476 Lobecltii
910 1403 1012 1473 uerbis
1042 1406 1145 1493 lotar),
1175 1422 1233 1491 qua
1254 1423 1360 1466 sensns

247 1539 308 1583 uon
328 1518 503 1584 restituitur.
534 1517 666 1582 Eaedem
687 1516 753 1584 lere
775 1516 961 1600 conjecturae
984 1526 1052 1580 suut
1072 1512 1174 1580 Bothii
1194 1510 1274 1592 „wie
1287 1508 1361 1592 grie*
1450 1523 1451 1568 1

249 1625 368 1707 tlplldpett
382 1624 534 1694 &optimu
555 1645 584 1711 p.
609 1625 660 1709 16,
688 1623 737 1688 ubi
757 1643 813 1710 pro
837 1623 937 1688 τοῖσδε
958 1621 1137 1707 typothetae
1159 1639 1263 1683 errore
1285 1614 1360 1679 scri·
1450 1615 1451 1640 l

247 1742 327 1816 ptum
357 1738 404 1795 est
431 1737 518 1798 τοῖσι.
562 1729 674 1796 Contra
695 1727 912 1814 παραπλήσιον
939 1728 999 1813 ipsi
1026 1724 1164 1814 Eupolidi
1195 1723 1361 1788 tribuerunt

247 1831 402 1921 Bentlejus
420 1837 518 1923 Epist.
541 1837 579 1902 ad
601 1835 775 1902 Hemsterlt.
797 1857 827 1922 p.
848 1837 890 1904 85
912 1855 1002 1900 versu
1024 1834 1066 1898 ita
1086 1842 1237 1896 correcto:

454 1997 672 2085 παραπλήσιόν
692 2021 722 2066 τε
743 2014 791 2064 σοι
812 1993 980 2081 pipponem
999 1993 1143 2069 theoto

247 2133 411 2232 lluukeliur
433 2136 453 2201 l.
475 2137 508 2222 1.,
532 2139 581 2224 qui
603 2138 721 2203 scribit:

453 2274 670 2364 παραπλήσιόν
690 2300 722 2343 τε
743 2273 969 2363 συγγέγραπται
988 2271 1124 2341 circulor

246 2447 277 2500 et
302 2435 485 2503 Fritzochiue
513 2440 543 2505 in
574 2441 711 2518 Quaestt
738 2439 758 2503 1.
785 2438 819 2525 1.,
850 2439 899 2504 ubi
927 2437 1094 2523 Bentlejum
1120 2437 1186 2503 fere
1214 2431 1358 2518 requitur.

243 2539 416 2609 Novissime
454 2557 552 2609 cutem
580 2544 762 2611 Fritcschius
791 2545 829 2610 etl
857 2545 963 2610 Ranae
999 2566 1029 2632 p.
1060 2545 1122 2612 217
1150 2542 1215 2607 loco
1250 2540 1357 2602 iterum

243 2657 371 2712 remoto
396 2650 538 2736 ostendit,
560 2649 692 2716 Pollucis
714 2664 746 2717 ut
767 2663 872 2738 putant
883 2651 979 2716 verba
998 2647 1130 2735 ἐπήγαγε
1142 2643 1359 2732 παραπλήσιον

243 2752 344 2841 inepte
366 2756 524 2844 conjungi,
547 2757 763 2844 παραπλήσιον
784 2771 882 2824 cutem
905 2770 936 2821 et
957 2757 995 2823 ad
1013 2756 1132 2834 ¹tentorii
1153 2752 1358 2840 integritatem

241 2861 366 2948 requiri,
391 2875 427 2938 et,
443 2884 527 2949 quum
550 2864 678 2948 intelligi
698 2879 840 2952 nequeat,
862 2863 911 2928 rel
932 2865 962 2929 in
983 2863 1129 2949 Eupolide
1144 2856 1357 2926 emendandum

242 2964 346 3032 luisse.
392 2968 494 3045 Quare
515 2968 542 3034 F
543 2969 698 3035 ritzsohius
724 2970 800 3034 hunc
820 2989 939 3034 versum
960 2991 1036 3032 nuuc
1057 2971 1100 3034 itu
1121 2967 1261 3052 corrigit:

411 3097 614 3186 Παραπλήσι’
631 3101 715 3177 ,ὄντα
736 3118 786 3168 σοι
805 3098 1133 3186 procurrentem,

242 3228 380 3309 (totidem
400 3251 524 3297 numero
545 3253 624 3299 vene
645 3255 664 3300 c
686 3247 716 3299 te
730 3234 842 3320 scripte
859 3234 953 3317 sunt).
982 3233 1049 3310 Quo
1071 3242 1250 3318 praeceptor
1272 3249 1354 3292 meus

242 3335 366 3401 obscuro
389 3336 454 3402 loco
474 3338 566 3404 luceru
588 3339 726 3406 attulisse
747 3339 913 3405 eeneeutluu
929 3349 992 3404 est.
1034 3338 1112 3404 Nam
1142 3336 1266 3423 pluralis
1296 3358 1353 3400 πα-

240 3439 405 3529 ραπῖιιῆσιοι
426 3445 575 3530 „totidem
596 3444 689 3512 fere“
710 3445 861 3532 significet
881 3445 912 3510 in
933 3444 1006 3510 locu
1020 3443 1146 3510 lliodori
1164 3443 1256 3508 Siculi
1265 3440 1352 3527 ΧΠΙ,

239 3548 333 3614 80111
355 3547 440 3633 XVI,
462 3552 513 3616 tt.
556 3551 625 3618 Non
653 3553 749 3617 urium
779 3552 934 3619 laboratur
955 3551 986 3616 in
1007 3549 1138 3637 corrupti
1154 3549 1223 3614 loci
1254 3547 1352 3633 expli·

240 3655 370 3740 catione,
393 3654 450 3720 etei
473 3655 616 3741 plurimos
637 3659 819 3745 interpreter
839 3679 942 3722 rerum
963 3656 1077 3722 vidisse
1106 3676 1225 3720 censeo.
1274 3652 1354 3719 Neon

239 3761 392 3827 recenseri
406 3780 483 3826 vasa
497 3759 611 3827 Galliae
621 3763 867 3830 Hemeterlruoiue
883 3761 1105 3847 animadvertit,
1119 3761 1225 3828 eedem
1239 3761 1351 3847 scripto

240 3867 412 3954 consignari
433 3865 591 3933 Honorius
614 3882 644 3934 et
665 3869 847 3958 Meinekiuo,
872 3870 921 3955 qui
950 3867 1052 3952 addit,
1081 3887 1221 3933 vanorum
1243 3889 1351 3932 receu-

239 3992 303 4037 tum
325 3972 355 4035 in
378 3973 426 4052 iio,
450 3992 527 4057 quoe
549 3974 684 4040 omiserit
704 3976 835 4063 Pollux,
866 3974 1028 4063 exhibitum
1058 3973 1168 4039 fnisset
1219 3972 1352 4050 Quorum

239 4078 417 4144 renuntiem
439 4077 481 4142 ita
509 4079 618 4166 probet
645 4080 672 4146 F
673 4083 829 4148 ritzechiuo
852 4080 897 4158 ,ad
920 4079 1026 4146 Renes
1052 4078 1131 4165 1.1.,
1160 4092 1191 4145 ut
1218 4078 1353 4164 priorem

238 4205 356 4250 veroum
378 4184 495 4250 nullae
515 4187 664 4274 assignet,
686 4189 886 4314 posteriorem
915 4200 1014 4254 town
1037 4186 1149 4253 culeo
1177 4198 1355 4255 enumerata

1450 1881 1451 1910 l

1450 2023 1451 2040 1

1372 2329 1382 2357 Ι

1450 2851 1451 2886 1

1450 3637 1451 3664 1

1450 3777 1451 3808 1

1450 3909 1451 3930 1

1450 3939 1451 3956 1
