<?xml version="1.0" encoding="UTF-8"?>
<!DOCTYPE html PUBLIC "-//W3C//DTD XHTML 1.0 Transitional//EN"
    "http://www.w3.org/TR/xhtml1/DTD/xhtml1-transitional.dtd">
<html xmlns="http://www.w3.org/1999/xhtml" xml:lang="en" lang="en">
 <head>
  <title>
</title>
<meta http-equiv="Content-Type" content="text/html;charset=utf-8" />
  <meta name='ocr-system' content='tesseract 3.04.00' />
  <meta name='ocr-capabilities' content='ocr_page ocr_carea ocr_par ocr_line ocrx_word'/>
</head>
<body>
  <div class='ocr_page' id='page_1' title='image "./deeupolidisadul00eupogoog_0061.png"; bbox 0 0 2948 4892; ppageno 0'>
   <div class='ocr_carea' id='block_1_1' title="bbox 649 407 904 478">
    <p class='ocr_par' dir='ltr' id='par_1_1' title="bbox 649 407 904 478">
     <span class='ocr_line' id='line_1_1' title="bbox 649 407 904 478; baseline -0.008 -13"><span class='ocrx_word' id='word_1_1' title='bbox 649 407 904 478; x_wconf 61' lang='lat'><strong>‘⁹58⁸’-</strong></span> 
     </span>
    </p>
   </div>
   <div class='ocr_carea' id='block_1_2' title="bbox 218 589 1340 682">
    <p class='ocr_par' dir='ltr' id='par_1_2' title="bbox 218 589 1340 682">
     <span class='ocr_line' id='line_1_2' title="bbox 218 589 1340 682; baseline -0.009 -21"><span class='ocrx_word' id='word_1_2' title='bbox 218 589 403 678; x_wconf 76' lang='lat' dir='ltr'><strong>ecleppiooo,</strong></span> <span class='ocrx_word' id='word_1_3' title='bbox 431 595 625 661; x_wconf 76' lang='lat' dir='ltr'><strong>Posidonium</strong></span> <span class='ocrx_word' id='word_1_4' title='bbox 648 597 717 661; x_wconf 86' lang='lat' dir='ltr'>ibid.</span> <span class='ocrx_word' id='word_1_5' title='bbox 742 617 769 682; x_wconf 91' lang='lat' dir='ltr'><strong>p.</strong></span> <span class='ocrx_word' id='word_1_6' title='bbox 793 599 893 678; x_wconf 61' lang='grc'>2464</span> <span class='ocrx_word' id='word_1_7' title='bbox 916 595 1101 680; x_wconf 80' lang='grc' dir='ltr'><strong><em>συμβιωτὰς,</em></strong></span> <span class='ocrx_word' id='word_1_8' title='bbox 1124 592 1181 669; x_wconf 76' lang='grc' dir='ltr'><strong>οὓς</strong></span> <span class='ocrx_word' id='word_1_9' title='bbox 1202 590 1340 656; x_wconf 77' lang='grc' dir='ltr'><strong><em>καλοῦσι</em></strong></span> 
     </span>
    </p>
   </div>
   <div class='ocr_carea' id='block_1_3' title="bbox 219 693 1468 786">
    <p class='ocr_par' dir='ltr' id='par_1_3' title="bbox 219 693 1468 786">
     <span class='ocr_line' id='line_1_3' title="bbox 219 693 1468 786; baseline -0.002 -21"><span class='ocrx_word' id='word_1_10' title='bbox 219 705 417 782; x_wconf 75' lang='grc' dir='ltr'><strong><em>παρασίτους,</em></strong></span> <span class='ocrx_word' id='word_1_11' title='bbox 439 701 599 768; x_wconf 81' lang='lat' dir='ltr'><strong>Luciauum</strong></span> <span class='ocrx_word' id='word_1_12' title='bbox 622 695 719 768; x_wconf 79' lang='lat' dir='ltr'><strong>Vitas.</strong></span> <span class='ocrx_word' id='word_1_13' title='bbox 744 704 828 770; x_wconf 90' lang='lat' dir='ltr'><strong>Auct.</strong></span> <span class='ocrx_word' id='word_1_14' title='bbox 850 725 875 769; x_wconf 95' lang='lat' dir='ltr'><strong>c.</strong></span> <span class='ocrx_word' id='word_1_15' title='bbox 900 708 938 772; x_wconf 83' lang='lat'><strong>12</strong></span> <span class='ocrx_word' id='word_1_16' title='bbox 962 707 1135 786; x_wconf 76' lang='grc' dir='ltr'>συμβιῶναι</span> <span class='ocrx_word' id='word_1_17' title='bbox 1161 694 1261 776; x_wconf 78' lang='grc' dir='ltr'><strong><em>δεξιὸς</em></strong></span> <span class='ocrx_word' id='word_1_18' title='bbox 1288 693 1341 760; x_wconf 78' lang='grc' dir='ltr'><strong>καὶ</strong></span> <span class='ocrx_word' id='word_1_19' title='bbox 1467 703 1468 778; x_wconf 62' lang='grc' dir='ltr'>ζ</span> 
     </span>
    </p>
   </div>
   <div class='ocr_carea' id='block_1_4' title="bbox 220 805 1342 1318">
    <p class='ocr_par' dir='ltr' id='par_1_4' title="bbox 220 805 1341 1002">
     <span class='ocr_line' id='line_1_4' title="bbox 220 805 1341 897; baseline -0.006 -24"><span class='ocrx_word' id='word_1_20' title='bbox 220 808 500 892; x_wconf 62' lang='lat' dir='ltr'><strong>modulatoris.</strong></span> <span class='ocrx_word' id='word_1_21' title='bbox 543 810 584 872; x_wconf 90' lang='lat' dir='ltr'><strong>At</strong></span> <span class='ocrx_word' id='word_1_22' title='bbox 603 811 682 874; x_wconf 76' lang='lat' dir='ltr'><strong>sarri</strong></span> <span class='ocrx_word' id='word_1_23' title='bbox 705 812 817 897; x_wconf 82' lang='lat' dir='ltr'><strong>potius,</strong></span> <span class='ocrx_word' id='word_1_24' title='bbox 841 831 926 895; x_wconf 86' lang='lat' dir='ltr'><strong>quam</strong></span> <span class='ocrx_word' id='word_1_25' title='bbox 949 812 1096 896; x_wconf 85' lang='lat' dir='ltr'><strong>vulgares</strong></span> <span class='ocrx_word' id='word_1_26' title='bbox 1115 805 1243 892; x_wconf 80' lang='lat' dir='ltr'><strong>parasiti</strong></span> <span class='ocrx_word' id='word_1_27' title='bbox 1264 821 1341 885; x_wconf 85' lang='grc' dir='ltr'><strong><em>συμ-</em></strong></span> 
     </span>
     <span class='ocr_line' id='line_1_5' title="bbox 221 914 618 1002; baseline 0 -21"><span class='ocrx_word' id='word_1_28' title='bbox 221 914 330 1000; x_wconf 78' lang='grc' dir='ltr'><strong><em>βιαταὶ</em></strong></span> <span class='ocrx_word' id='word_1_29' title='bbox 353 917 552 1002; x_wconf 77' lang='lat' dir='ltr'>appellantur.</span> <span class='ocrx_word' id='word_1_30' title='bbox 575 953 618 963; x_wconf 90' lang='lat'><em>-</em></span> 
     </span>
    </p>

    <p class='ocr_par' dir='ltr' id='par_1_5' title="bbox 225 1011 1342 1318">
     <span class='ocr_line' id='line_1_6' title="bbox 306 1011 1338 1108; baseline 0 -20"><span class='ocrx_word' id='word_1_31' title='bbox 306 1021 508 1107; x_wconf 84' lang='lat' dir='ltr'><strong>Harpocratio</strong></span> <span class='ocrx_word' id='word_1_32' title='bbox 531 1042 560 1108; x_wconf 92' lang='lat' dir='ltr'><strong>p.</strong></span> <span class='ocrx_word' id='word_1_33' title='bbox 585 1023 656 1108; x_wconf 81' lang='grc'>152,</span> <span class='ocrx_word' id='word_1_34' title='bbox 680 1027 709 1091; x_wconf 78' lang='grc'><strong>7.</strong></span> <span class='ocrx_word' id='word_1_35' title='bbox 755 1026 956 1108; x_wconf 66' lang='lat' dir='ltr'><strong>fleotomo:</strong></span> <span class='ocrx_word' id='word_1_36' title='bbox 979 1059 1019 1074; x_wconf 55' lang='grc'><strong>*-</strong></span> <span class='ocrx_word' id='word_1_37' title='bbox 1039 1017 1107 1086; x_wconf 71' lang='grc' dir='ltr'><strong>ἀντὶ</strong></span> <span class='ocrx_word' id='word_1_38' title='bbox 1131 1021 1189 1084; x_wconf 83' lang='grc' dir='ltr'><strong>τοῦ</strong></span> <span class='ocrx_word' id='word_1_39' title='bbox 1210 1013 1279 1097; x_wconf 77' lang='grc' dir='ltr'><strong>περὶ</strong></span> <span class='ocrx_word' id='word_1_40' title='bbox 1300 1011 1338 1088; x_wconf 68' lang='grc' dir='ltr'><strong>ἃς</strong></span> 
     </span>
     <span class='ocr_line' id='line_1_7' title="bbox 225 1120 1342 1216; baseline -0.008 -22"><span class='ocrx_word' id='word_1_41' title='bbox 225 1125 331 1216; x_wconf 80' lang='grc' dir='ltr'><strong><em>κύκλῳ</em></strong></span> <span class='ocrx_word' id='word_1_42' title='bbox 352 1129 492 1193; x_wconf 72' lang='grc' dir='ltr'>ἵστανται</span> <span class='ocrx_word' id='word_1_43' title='bbox 505 1129 543 1202; x_wconf 77' lang='grc' dir='ltr'><strong>Ιολ</strong></span> <span class='ocrx_word' id='word_1_44' title='bbox 562 1127 725 1213; x_wconf 74' lang='grc' dir='ltr'><strong><em>θεώμενοι.</em></strong></span> <span class='ocrx_word' id='word_1_45' title='bbox 754 1127 789 1196; x_wconf 85' lang='grc' dir='ltr'><strong>τὸ</strong></span> <span class='ocrx_word' id='word_1_46' title='bbox 810 1130 913 1214; x_wconf 76' lang='grc' dir='ltr'><strong><em>ὄνομα</em></strong></span> <span class='ocrx_word' id='word_1_47' title='bbox 943 1129 996 1196; x_wconf 77' lang='grc' dir='ltr'><strong>καὶ</strong></span> <span class='ocrx_word' id='word_1_48' title='bbox 1022 1127 1056 1194; x_wconf 82' lang='grc' dir='ltr'><strong>ἐν</strong></span> <span class='ocrx_word' id='word_1_49' title='bbox 1076 1122 1249 1212; x_wconf 72' lang='grc' dir='ltr'><strong>Ἀρχιδάμῳ</strong></span> <span class='ocrx_word' id='word_1_50' title='bbox 1279 1120 1342 1187; x_wconf 78' lang='grc' dir='ltr'>ἐστὶ</span> 
     </span>
     <span class='ocr_line' id='line_1_8' title="bbox 225 1229 1337 1318; baseline -0.008 -18"><span class='ocrx_word' id='word_1_51' title='bbox 225 1234 277 1300; x_wconf 79' lang='grc' dir='ltr'><strong>ναὶ</strong></span> <span class='ocrx_word' id='word_1_52' title='bbox 298 1229 374 1316; x_wconf 88' lang='grc' dir='ltr'><strong><em>παρ’</em></strong></span> <span class='ocrx_word' id='word_1_53' title='bbox 400 1229 553 1301; x_wconf 76' lang='grc' dir='ltr'><strong><em>Εὐπόλιδι</em></strong></span> <span class='ocrx_word' id='word_1_54' title='bbox 573 1233 608 1302; x_wconf 72' lang='grc' dir='ltr'><strong>ἐν</strong></span> <span class='ocrx_word' id='word_1_55' title='bbox 628 1237 773 1318; x_wconf 85' lang='grc' dir='ltr'><strong><em>Κόλαξιν,</em></strong></span> <span class='ocrx_word' id='word_1_56' title='bbox 817 1238 914 1304; x_wconf 87' lang='lat' dir='ltr'><strong>Locos</strong></span> <span class='ocrx_word' id='word_1_57' title='bbox 936 1235 1079 1304; x_wconf 87' lang='lat' dir='ltr'><strong>Isocratis</strong></span> <span class='ocrx_word' id='word_1_58' title='bbox 1107 1235 1136 1302; x_wconf 90' lang='lat' dir='ltr'><strong>iu</strong></span> <span class='ocrx_word' id='word_1_59' title='bbox 1159 1229 1337 1296; x_wconf 81' lang='lat' dir='ltr'><strong>Archidamo</strong></span> 
     </span>
    </p>
   </div>
   <div class='ocr_carea' id='block_1_5' title="bbox 103 1335 629 1425">
    <p class='ocr_par' dir='ltr' id='par_1_6' title="bbox 103 1335 629 1425">
     <span class='ocr_line' id='line_1_9' title="bbox 103 1335 629 1425; baseline 0.008 -22"><span class='ocrx_word' id='word_1_60' title='bbox 103 1335 105 1345; x_wconf 59' lang='lat'><strong>¹</strong></span> <span class='ocrx_word' id='word_1_61' title='bbox 227 1350 274 1405; x_wconf 65' lang='lat' dir='ltr'><strong>est</strong></span> <span class='ocrx_word' id='word_1_62' title='bbox 301 1349 320 1417; x_wconf 75' lang='lat' dir='ltr'><strong>s</strong></span> <span class='ocrx_word' id='word_1_63' title='bbox 343 1342 394 1425; x_wconf 71' lang='lat' dir='ltr'><strong>on,</strong></span> <span class='ocrx_word' id='word_1_64' title='bbox 418 1342 437 1407; x_wconf 86' lang='lat' dir='ltr'><strong>u</strong></span> <span class='ocrx_word' id='word_1_65' title='bbox 460 1341 506 1405; x_wconf 77' lang='lat' dir='ltr'><strong>eu.</strong></span> <span class='ocrx_word' id='word_1_66' title='bbox 532 1341 629 1407; x_wconf 70' lang='lat' dir='ltr'><strong>cerr.</strong></span> 
     </span>
    </p>
   </div>
   <div class='ocr_carea' id='block_1_6' title="bbox 152 1417 1471 1854">
    <p class='ocr_par' dir='ltr' id='par_1_7' title="bbox 306 1417 1342 1538">
     <span class='ocr_line' id='line_1_10' title="bbox 306 1417 1342 1538; baseline -0.004 -28"><span class='ocrx_word' id='word_1_67' title='bbox 306 1446 510 1513; x_wconf 80' lang='lat' dir='ltr'><strong>Antiatticista</strong></span> <span class='ocrx_word' id='word_1_68' title='bbox 532 1445 665 1516; x_wconf 85' lang='lat' dir='ltr'><strong>Bckkeri</strong></span> <span class='ocrx_word' id='word_1_69' title='bbox 694 1471 722 1538; x_wconf 88' lang='lat' dir='ltr'><strong>p.</strong></span> <span class='ocrx_word' id='word_1_70' title='bbox 744 1451 798 1534; x_wconf 84' lang='grc'><strong>96,</strong></span> <span class='ocrx_word' id='word_1_71' title='bbox 825 1453 871 1520; x_wconf 77' lang='grc'><strong>17.</strong></span> <span class='ocrx_word' id='word_1_72' title='bbox 913 1444 1079 1533; x_wconf 75' lang='grc' dir='ltr'><strong><em>Ἐφάιιαξι</em></strong></span> <span class='ocrx_word' id='word_1_73' title='bbox 1108 1417 1248 1520; x_wconf 76' lang='grc' dir='ltr'><strong><em>Εὔπολις</em></strong></span> <span class='ocrx_word' id='word_1_74' title='bbox 1277 1441 1342 1506; x_wconf 86' lang='lat' dir='ltr'><strong>Ko&#39;·</strong></span> 
     </span>
    </p>

    <p class='ocr_par' dir='ltr' id='par_1_8' title="bbox 232 1553 1471 1747">
     <span class='ocr_line' id='line_1_11' title="bbox 232 1553 1471 1618; baseline -0.002 0"><span class='ocrx_word' id='word_1_75' title='bbox 232 1553 379 1618; x_wconf 72' lang='lat' dir='ltr'><strong>tainu-</strong></span> <span class='ocrx_word' id='word_1_76' title='bbox 1470 1613 1471 1616; x_wconf 74' lang='grc'>,</span> 
     </span>
     <span class='ocr_line' id='line_1_12' title="bbox 275 1619 1347 1747; baseline -0.005 -24"><span class='ocrx_word' id='word_1_77' title='bbox 275 1619 287 1631; x_wconf 37' lang='lat'><strong>⁸</strong></span> <span class='ocrx_word' id='word_1_78' title='bbox 309 1658 437 1723; x_wconf 82' lang='lat' dir='ltr'><strong>Photius</strong></span> <span class='ocrx_word' id='word_1_79' title='bbox 459 1660 536 1724; x_wconf 83' lang='lat' dir='ltr'><strong>Lex.</strong></span> <span class='ocrx_word' id='word_1_80' title='bbox 561 1682 590 1747; x_wconf 91' lang='lat' dir='ltr'><strong>p.</strong></span> <span class='ocrx_word' id='word_1_81' title='bbox 613 1664 687 1744; x_wconf 84' lang='grc'>217,</span> <span class='ocrx_word' id='word_1_82' title='bbox 713 1665 743 1729; x_wconf 84' lang='grc'><strong>6.</strong></span> <span class='ocrx_word' id='word_1_83' title='bbox 786 1659 891 1746; x_wconf 75' lang='grc' dir='ltr'><em>Λευκὴ</em></span> <span class='ocrx_word' id='word_1_84' title='bbox 913 1657 1030 1746; x_wconf 65' lang='grc' dir='ltr'><strong><em>ἡμέρας</em></strong></span> <span class='ocrx_word' id='word_1_85' title='bbox 1052 1655 1072 1744; x_wconf 86' lang='grc' dir='ltr'><em>ἡ</em></span> <span class='ocrx_word' id='word_1_86' title='bbox 1093 1655 1209 1742; x_wconf 71' lang='grc' dir='ltr'><strong><em>ἀγαθή·</em></strong></span> <span class='ocrx_word' id='word_1_87' title='bbox 1231 1654 1282 1720; x_wconf 81' lang='grc' dir='ltr'><strong>καὶ</strong></span> <span class='ocrx_word' id='word_1_88' title='bbox 1304 1649 1347 1719; x_wconf 79' lang='grc' dir='ltr'><strong>ἐπ’</strong></span> 
     </span>
    </p>

    <p class='ocr_par' dir='ltr' id='par_1_9' title="bbox 152 1761 1345 1854">
     <span class='ocr_line' id='line_1_13' title="bbox 152 1761 1345 1854; baseline -0.009 -19"><span class='ocrx_word' id='word_1_89' title='bbox 152 1797 157 1804; x_wconf 92' lang='lat'>·</span> <span class='ocrx_word' id='word_1_90' title='bbox 228 1764 425 1851; x_wconf 76' lang='grc' dir='ltr'><strong><em>εὐφροσύνῃ·</em></strong></span> <span class='ocrx_word' id='word_1_91' title='bbox 447 1763 587 1842; x_wconf 69' lang='grc' dir='ltr'><strong><em>Εὔπολις</em></strong></span> <span class='ocrx_word' id='word_1_92' title='bbox 612 1766 759 1848; x_wconf 84' lang='grc' dir='ltr'><strong><em>Κόλαξιν.</em></strong></span> <span class='ocrx_word' id='word_1_93' title='bbox 811 1769 903 1834; x_wconf 91' lang='lat' dir='ltr'><strong>Prior</strong></span> <span class='ocrx_word' id='word_1_94' title='bbox 932 1767 1091 1854; x_wconf 87' lang='lat' dir='ltr'><strong>explicatio</strong></span> <span class='ocrx_word' id='word_1_95' title='bbox 1115 1762 1134 1850; x_wconf 85' lang='grc' dir='ltr'><em>ἡ</em></span> <span class='ocrx_word' id='word_1_96' title='bbox 1158 1761 1263 1849; x_wconf 73' lang='grc' dir='ltr'><strong><em>ἀγαθὴ</em></strong></span> <span class='ocrx_word' id='word_1_97' title='bbox 1287 1784 1345 1826; x_wconf 89' lang='lat' dir='ltr'><strong>nou</strong></span> 
     </span>
    </p>
   </div>
   <div class='ocr_carea' id='block_1_7' title="bbox 230 1871 1471 1960">
    <p class='ocr_par' dir='ltr' id='par_1_10' title="bbox 230 1871 1471 1960">
     <span class='ocr_line' id='line_1_14' title="bbox 230 1871 1471 1960; baseline -0.006 -22"><span class='ocrx_word' id='word_1_98' title='bbox 230 1874 269 1938; x_wconf 84' lang='lat' dir='ltr'><strong>ad</strong></span> <span class='ocrx_word' id='word_1_99' title='bbox 293 1873 419 1959; x_wconf 86' lang='lat' dir='ltr'><strong>Eupoliu</strong></span> <span class='ocrx_word' id='word_1_100' title='bbox 439 1873 601 1941; x_wconf 84' lang='lat' dir='ltr'><strong>referenda</strong></span> <span class='ocrx_word' id='word_1_101' title='bbox 623 1889 701 1960; x_wconf 87' lang='lat' dir='ltr'><strong>erat,</strong></span> <span class='ocrx_word' id='word_1_102' title='bbox 724 1875 851 1941; x_wconf 84' lang='lat' dir='ltr'><strong>sed&#39;aut</strong></span> <span class='ocrx_word' id='word_1_103' title='bbox 872 1877 910 1940; x_wconf 85' lang='lat' dir='ltr'><strong>ad</strong></span> <span class='ocrx_word' id='word_1_104' title='bbox 928 1873 1107 1960; x_wconf 79' lang='lat' dir='ltr'><strong>Sophoclem</strong></span> <span class='ocrx_word' id='word_1_105' title='bbox 1124 1871 1349 1937; x_wconf 87' lang='lat' dir='ltr'><strong>Antiatticistae</strong></span> <span class='ocrx_word' id='word_1_106' title='bbox 1470 1927 1471 1930; x_wconf 74' lang='grc'>,</span> 
     </span>
    </p>
   </div>
   <div class='ocr_carea' id='block_1_8' title="bbox 227 1975 1359 4197">
    <p class='ocr_par' dir='ltr' id='par_1_11' title="bbox 227 1975 1359 4197">
     <span class='ocr_line' id='line_1_15' title="bbox 230 1975 1350 2067; baseline 0.003 -21"><span class='ocrx_word' id='word_1_107' title='bbox 230 1979 328 2046; x_wconf 77' lang='lat' dir='ltr'><strong>Beklt.</strong></span> <span class='ocrx_word' id='word_1_108' title='bbox 352 1999 380 2064; x_wconf 88' lang='lat' dir='ltr'><strong>p.</strong></span> <span class='ocrx_word' id='word_1_109' title='bbox 410 1982 489 2066; x_wconf 87' lang='grc'>106,</span> <span class='ocrx_word' id='word_1_110' title='bbox 512 1982 553 2047; x_wconf 88' lang='grc'><strong>33</strong></span> <span class='ocrx_word' id='word_1_111' title='bbox 582 1980 709 2066; x_wconf 78' lang='grc' dir='ltr'><strong><em>Λευκὴν</em></strong></span> <span class='ocrx_word' id='word_1_112' title='bbox 740 1977 875 2067; x_wconf 74' lang='grc' dir='ltr'><strong><em>ἡμέρανι</em></strong></span> <span class='ocrx_word' id='word_1_113' title='bbox 906 1976 965 2066; x_wconf 76' lang='grc' dir='ltr'><strong>τὴν</strong></span> <span class='ocrx_word' id='word_1_114' title='bbox 991 1975 1125 2063; x_wconf 71' lang='grc' dir='ltr'><strong><em>ἀγαθήν.</em></strong></span> <span class='ocrx_word' id='word_1_115' title='bbox 1178 1978 1350 2062; x_wconf 77' lang='grc' dir='ltr'><strong><em>Σοφοκλῆς</em></strong></span> 
     </span>
     <span class='ocr_line' id='line_1_16' title="bbox 227 2081 1351 2174; baseline -0.005 -20"><span class='ocrx_word' id='word_1_116' title='bbox 227 2081 409 2170; x_wconf 73' lang='grc' dir='ltr'><strong><em>Ἀθάμαντι,</em></strong></span> <span class='ocrx_word' id='word_1_117' title='bbox 432 2101 483 2151; x_wconf 93' lang='lat' dir='ltr'><strong>aut</strong></span> <span class='ocrx_word' id='word_1_118' title='bbox 504 2087 542 2150; x_wconf 85' lang='lat' dir='ltr'><strong>ad</strong></span> <span class='ocrx_word' id='word_1_119' title='bbox 563 2089 760 2156; x_wconf 81' lang='lat' dir='ltr'><strong>Menandrum</strong></span> <span class='ocrx_word' id='word_1_120' title='bbox 781 2089 906 2158; x_wconf 86' lang='lat' dir='ltr'><strong>Zenobii</strong></span> <span class='ocrx_word' id='word_1_121' title='bbox 929 2086 992 2173; x_wconf 85' lang='lat' dir='ltr'><strong>VI,</strong></span> <span class='ocrx_word' id='word_1_122' title='bbox 1018 2088 1055 2174; x_wconf 80' lang='grc'>13</span> <span class='ocrx_word' id='word_1_123' title='bbox 1088 2083 1139 2150; x_wconf 79' lang='grc' dir='ltr'><strong>καὶ</strong></span> <span class='ocrx_word' id='word_1_124' title='bbox 1162 2083 1351 2168; x_wconf 74' lang='grc' dir='ltr'><strong><em>Μένανδρος</em></strong></span> 
     </span>
     <span class='ocr_line' id='line_1_17' title="bbox 233 2189 1350 2281; baseline -0.001 -22"><span class='ocrx_word' id='word_1_125' title='bbox 233 2191 267 2259; x_wconf 76' lang='grc' dir='ltr'><strong>δέ</strong></span> <span class='ocrx_word' id='word_1_126' title='bbox 287 2208 385 2278; x_wconf 83' lang='grc' dir='ltr'><strong><em>φησιν</em></strong></span> <span class='ocrx_word' id='word_1_127' title='bbox 406 2191 440 2256; x_wconf 77' lang='grc' dir='ltr'><strong>ἐν</strong></span> <span class='ocrx_word' id='word_1_128' title='bbox 459 2195 618 2281; x_wconf 78' lang='grc' dir='ltr'><strong><em>Λευκαδίᾳ</em></strong></span> <span class='ocrx_word' id='word_1_129' title='bbox 637 2190 695 2279; x_wconf 83' lang='grc' dir='ltr'><strong>τὴν</strong></span> <span class='ocrx_word' id='word_1_130' title='bbox 716 2190 843 2278; x_wconf 73' lang='grc' dir='ltr'><strong><em>ἀγαθὴν</em></strong></span> <span class='ocrx_word' id='word_1_131' title='bbox 864 2190 981 2277; x_wconf 77' lang='grc' dir='ltr'><strong><em>ἡμέραν</em></strong></span> <span class='ocrx_word' id='word_1_132' title='bbox 999 2189 1120 2276; x_wconf 82' lang='grc' dir='ltr'><strong><em>λευκήν.</em></strong></span> <span class='ocrx_word' id='word_1_133' title='bbox 1158 2193 1205 2257; x_wconf 88' lang='lat' dir='ltr'><strong>Ad</strong></span> <span class='ocrx_word' id='word_1_134' title='bbox 1219 2190 1350 2277; x_wconf 82' lang='lat' dir='ltr'><strong>Eupolin</strong></span> 
     </span>
     <span class='ocr_line' id='line_1_18' title="bbox 233 2291 1348 2397; baseline -0.004 -33"><span class='ocrx_word' id='word_1_135' title='bbox 233 2323 307 2365; x_wconf 89' lang='lat' dir='ltr'><strong>vcro</strong></span> <span class='ocrx_word' id='word_1_136' title='bbox 336 2298 487 2388; x_wconf 83' lang='lat' dir='ltr'><strong>pertinent</strong></span> <span class='ocrx_word' id='word_1_137' title='bbox 524 2313 635 2365; x_wconf 87' lang='lat' dir='ltr'><strong>tautum</strong></span> <span class='ocrx_word' id='word_1_138' title='bbox 672 2304 764 2397; x_wconf 74' lang='lat' dir='ltr'><strong>verba</strong></span> <span class='ocrx_word' id='word_1_139' title='bbox 798 2300 851 2368; x_wconf 81' lang='grc' dir='ltr'><strong>καὶ</strong></span> <span class='ocrx_word' id='word_1_140' title='bbox 884 2297 928 2367; x_wconf 80' lang='grc' dir='ltr'><strong>ἐπ’</strong></span> <span class='ocrx_word' id='word_1_141' title='bbox 958 2296 1139 2386; x_wconf 80' lang='grc' dir='ltr'><strong><em>εὐφροσύνῃ</em></strong></span> <span class='ocrx_word' id='word_1_142' title='bbox 1167 2301 1188 2363; x_wconf 92' lang='lat' dir='ltr'><strong>i.</strong></span> <span class='ocrx_word' id='word_1_143' title='bbox 1204 2321 1231 2362; x_wconf 88' lang='lat' dir='ltr'><strong>e.</strong></span> <span class='ocrx_word' id='word_1_144' title='bbox 1254 2291 1348 2379; x_wconf 79' lang='grc' dir='ltr'><strong><em>λευκὴ</em></strong></span> 
     </span>
     <span class='ocr_line' id='line_1_19' title="bbox 232 2402 1352 2494; baseline -0.006 -23"><span class='ocrx_word' id='word_1_145' title='bbox 232 2402 331 2492; x_wconf 68' lang='grc' dir='ltr'><strong><em>ἡμέρα</em></strong></span> <span class='ocrx_word' id='word_1_146' title='bbox 359 2416 520 2493; x_wconf 90' lang='lat' dir='ltr'><strong>usurpatur</strong></span> <span class='ocrx_word' id='word_1_147' title='bbox 549 2407 639 2478; x_wconf 82' lang='lat' dir='ltr'><strong>etiam</strong></span> <span class='ocrx_word' id='word_1_148' title='bbox 668 2407 704 2472; x_wconf 88' lang='lat' dir='ltr'><strong>de</strong></span> <span class='ocrx_word' id='word_1_149' title='bbox 734 2409 823 2475; x_wconf 87' lang='lat' dir='ltr'><strong>lautis</strong></span> <span class='ocrx_word' id='word_1_150' title='bbox 845 2409 951 2494; x_wconf 84' lang='lat' dir='ltr'><strong>epulis.</strong></span> <span class='ocrx_word' id='word_1_151' title='bbox 1000 2407 1132 2475; x_wconf 86' lang='lat' dir='ltr'><strong>Praeter</strong></span> <span class='ocrx_word' id='word_1_152' title='bbox 1158 2403 1285 2491; x_wconf 84' lang='lat' dir='ltr'><strong>Eupoliu</strong></span> <span class='ocrx_word' id='word_1_153' title='bbox 1309 2403 1352 2464; x_wconf 90' lang='lat' dir='ltr'><strong>ita</strong></span> 
     </span>
     <span class='ocr_line' id='line_1_20' title="bbox 234 2505 1351 2600; baseline -0.006 -20"><span class='ocrx_word' id='word_1_154' title='bbox 234 2515 363 2600; x_wconf 87' lang='lat' dir='ltr'><strong>loquitur</strong></span> <span class='ocrx_word' id='word_1_155' title='bbox 391 2512 595 2577; x_wconf 80' lang='lat' dir='ltr'><strong>Philostratus</strong></span> <span class='ocrx_word' id='word_1_156' title='bbox 617 2513 654 2578; x_wconf 88' lang='lat' dir='ltr'><strong>V.</strong></span> <span class='ocrx_word' id='word_1_157' title='bbox 677 2515 714 2580; x_wconf 96' lang='lat' dir='ltr'><strong>A.</strong></span> <span class='ocrx_word' id='word_1_158' title='bbox 736 2515 800 2600; x_wconf 82' lang='lat' dir='ltr'><strong>lv,</strong></span> <span class='ocrx_word' id='word_1_159' title='bbox 823 2515 864 2582; x_wconf 90' lang='grc'><strong>42</strong></span> <span class='ocrx_word' id='word_1_160' title='bbox 884 2511 999 2598; x_wconf 77' lang='grc' dir='ltr'><strong><em>λευκὴν</em></strong></span> <span class='ocrx_word' id='word_1_161' title='bbox 1027 2509 1057 2580; x_wconf 81' lang='grc' dir='ltr'><strong>δ’</strong></span> <span class='ocrx_word' id='word_1_162' title='bbox 1081 2513 1180 2578; x_wconf 68' lang='grc' dir='ltr'><strong><em>ἔθυον</em></strong></span> <span class='ocrx_word' id='word_1_163' title='bbox 1207 2507 1242 2575; x_wconf 79' lang='grc' dir='ltr'><strong>ἐν</strong></span> <span class='ocrx_word' id='word_1_164' title='bbox 1263 2505 1351 2596; x_wconf 75' lang='grc' dir='ltr'><strong><em>αὐτῷ</em></strong></span> 
     </span>
     <span class='ocr_line' id='line_1_21' title="bbox 234 2617 1354 2709; baseline -0.004 -25"><span class='ocrx_word' id='word_1_165' title='bbox 234 2617 360 2704; x_wconf 79' lang='grc' dir='ltr'><strong><em>ἡμέραν.</em></strong></span> <span class='ocrx_word' id='word_1_166' title='bbox 402 2618 612 2704; x_wconf 81' lang='lat' dir='ltr'><strong>Intelliguntur</strong></span> <span class='ocrx_word' id='word_1_167' title='bbox 632 2633 728 2684; x_wconf 89' lang='lat' dir='ltr'><strong>autem</strong></span> <span class='ocrx_word' id='word_1_168' title='bbox 753 2620 859 2709; x_wconf 88' lang='lat' dir='ltr'><strong>epulae</strong></span> <span class='ocrx_word' id='word_1_169' title='bbox 890 2621 1003 2685; x_wconf 82' lang='lat' dir='ltr'><strong>Calliae</strong></span> <span class='ocrx_word' id='word_1_170' title='bbox 1026 2633 1057 2684; x_wconf 89' lang='lat' dir='ltr'><strong>et</strong></span> <span class='ocrx_word' id='word_1_171' title='bbox 1086 2619 1299 2706; x_wconf 88' lang='lat' dir='ltr'><strong>parasitorum,</strong></span> <span class='ocrx_word' id='word_1_172' title='bbox 1323 2630 1354 2680; x_wconf 92' lang='lat' dir='ltr'><strong>ut</strong></span> 
     </span>
     <span class='ocr_line' id='line_1_22' title="bbox 234 2707 1353 2814; baseline -0.006 -22"><span class='ocrx_word' id='word_1_173' title='bbox 234 2738 316 2792; x_wconf 88' lang='lat' dir='ltr'><strong>recte</strong></span> <span class='ocrx_word' id='word_1_174' title='bbox 339 2707 508 2793; x_wconf 71' lang='lat' dir='ltr'><strong>Meiueliius</strong></span> <span class='ocrx_word' id='word_1_175' title='bbox 531 2726 654 2792; x_wconf 85' lang='lat' dir='ltr'><strong>censuit.</strong></span> <span class='ocrx_word' id='word_1_176' title='bbox 699 2727 834 2792; x_wconf 81' lang='lat' dir='ltr'><strong>Ceterum</strong></span> <span class='ocrx_word' id='word_1_177' title='bbox 856 2729 954 2814; x_wconf 84' lang='lat' dir='ltr'><strong>poetis</strong></span> <span class='ocrx_word' id='word_1_178' title='bbox 976 2725 1116 2791; x_wconf 85' lang='lat' dir='ltr'><strong>candidus</strong></span> <span class='ocrx_word' id='word_1_179' title='bbox 1145 2725 1208 2789; x_wconf 90' lang='lat' dir='ltr'><strong>dies</strong></span> <span class='ocrx_word' id='word_1_180' title='bbox 1232 2723 1353 2788; x_wconf 86' lang='lat' dir='ltr'><strong>omnino</strong></span> 
     </span>
     <span class='ocr_line' id='line_1_23' title="bbox 237 2829 1354 2920; baseline -0.005 -22"><span class='ocrx_word' id='word_1_181' title='bbox 237 2833 354 2920; x_wconf 77' lang='lat' dir='ltr'><strong>siguum</strong></span> <span class='ocrx_word' id='word_1_182' title='bbox 376 2839 423 2897; x_wconf 88' lang='lat' dir='ltr'><strong>cst</strong></span> <span class='ocrx_word' id='word_1_183' title='bbox 443 2831 606 2920; x_wconf 79' lang='lat' dir='ltr'><strong>felicitatis,</strong></span> <span class='ocrx_word' id='word_1_184' title='bbox 640 2839 671 2896; x_wconf 95' lang='lat' dir='ltr'><strong>ut</strong></span> <span class='ocrx_word' id='word_1_185' title='bbox 692 2841 759 2898; x_wconf 87' lang='lat' dir='ltr'><strong>atra</strong></span> <span class='ocrx_word' id='word_1_186' title='bbox 781 2857 843 2898; x_wconf 86' lang='lat' dir='ltr'><strong>nox</strong></span> <span class='ocrx_word' id='word_1_187' title='bbox 864 2832 1149 2919; x_wconf 83' lang='lat' dir='ltr'><strong>signum-malorum</strong></span> <span class='ocrx_word' id='word_1_188' title='bbox 1170 2829 1354 2915; x_wconf 80' lang='lat' dir='ltr'><strong>(Aeschylus</strong></span> 
     </span>
     <span class='ocr_line' id='line_1_24' title="bbox 236 2930 1356 3024; baseline -0.005 -20"><span class='ocrx_word' id='word_1_189' title='bbox 236 2938 325 3005; x_wconf 86' lang='lat' dir='ltr'><strong>Pers.</strong></span> <span class='ocrx_word' id='word_1_190' title='bbox 350 2960 378 3004; x_wconf 85' lang='lat' dir='ltr'><strong>v.</strong></span> <span class='ocrx_word' id='word_1_191' title='bbox 392 2940 451 3006; x_wconf 88' lang='grc'><strong>301</strong></span> <span class='ocrx_word' id='word_1_192' title='bbox 473 2935 586 3002; x_wconf 81' lang='grc' dir='ltr'><strong><em>λευκὸν</em></strong></span> <span class='ocrx_word' id='word_1_193' title='bbox 607 2930 691 3022; x_wconf 79' lang='grc' dir='ltr'><strong><em>ἦμαρ</em></strong></span> <span class='ocrx_word' id='word_1_194' title='bbox 711 2937 827 3016; x_wconf 77' lang='grc' dir='ltr'><strong><em>νυκτὸς</em></strong></span> <span class='ocrx_word' id='word_1_195' title='bbox 847 2939 881 3005; x_wconf 82' lang='grc' dir='ltr'><strong>ἐκ</strong></span> <span class='ocrx_word' id='word_1_196' title='bbox 901 2944 1110 3024; x_wconf 54' lang='grc' dir='ltr'><strong><em>μελαγχίμου).</em></strong></span> <span class='ocrx_word' id='word_1_197' title='bbox 1144 2938 1207 3003; x_wconf 87' lang='lat' dir='ltr'><strong>Sed</strong></span> <span class='ocrx_word' id='word_1_198' title='bbox 1229 2937 1255 3001; x_wconf 86' lang='lat' dir='ltr'><strong>si</strong></span> <span class='ocrx_word' id='word_1_199' title='bbox 1277 2936 1356 3000; x_wconf 85' lang='lat' dir='ltr'><strong>hanc</strong></span> 
     </span>
     <span class='ocr_line' id='line_1_25' title="bbox 238 3046 1356 3134; baseline -0.004 -24"><span class='ocrx_word' id='word_1_200' title='bbox 238 3047 443 3131; x_wconf 77' lang='lat' dir='ltr'><strong>metaphoram</strong></span> <span class='ocrx_word' id='word_1_201' title='bbox 460 3066 478 3109; x_wconf 89' lang='lat' dir='ltr'><strong>a</strong></span> <span class='ocrx_word' id='word_1_202' title='bbox 493 3058 574 3109; x_wconf 87' lang='lat' dir='ltr'><strong>certo</strong></span> <span class='ocrx_word' id='word_1_203' title='bbox 598 3047 724 3131; x_wconf 89' lang='lat' dir='ltr'><strong>quodam</strong></span> <span class='ocrx_word' id='word_1_204' title='bbox 746 3047 879 3111; x_wconf 86' lang='lat' dir='ltr'><strong>instituto</strong></span> <span class='ocrx_word' id='word_1_205' title='bbox 901 3062 1041 3134; x_wconf 85' lang='lat' dir='ltr'><strong>repetere</strong></span> <span class='ocrx_word' id='word_1_206' title='bbox 1062 3046 1174 3134; x_wconf 78' lang='lat' dir='ltr'><strong>placet,</strong></span> <span class='ocrx_word' id='word_1_207' title='bbox 1197 3055 1356 3132; x_wconf 87' lang='lat' dir='ltr'><strong>repetatur</strong></span> 
     </span>
     <span class='ocr_line' id='line_1_26' title="bbox 240 3150 1357 3239; baseline -0.001 -24"><span class='ocrx_word' id='word_1_208' title='bbox 240 3152 345 3216; x_wconf 78' lang='lat' dir='ltr'><strong>saltem</strong></span> <span class='ocrx_word' id='word_1_209' title='bbox 376 3151 413 3214; x_wconf 88' lang='lat' dir='ltr'><strong>ab</strong></span> <span class='ocrx_word' id='word_1_210' title='bbox 440 3152 572 3216; x_wconf 89' lang='lat' dir='ltr'><strong>instituto</strong></span> <span class='ocrx_word' id='word_1_211' title='bbox 594 3153 820 3218; x_wconf 81' lang='lat' dir='ltr'><strong>Atheniensium</strong></span> <span class='ocrx_word' id='word_1_212' title='bbox 843 3176 1002 3239; x_wconf 86' lang='lat' dir='ltr'><strong>eorumque</strong></span> <span class='ocrx_word' id='word_1_213' title='bbox 1031 3158 1152 3229; x_wconf 78' lang='grc' dir='ltr'><strong><em>λευκοῖς</em></strong></span> <span class='ocrx_word' id='word_1_214' title='bbox 1173 3150 1303 3235; x_wconf 71' lang='grc' dir='ltr'><strong><em>κυάμοις</em></strong></span> <span class='ocrx_word' id='word_1_215' title='bbox 1325 3159 1357 3214; x_wconf 90' lang='lat' dir='ltr'><strong>et</strong></span> 
     </span>
     <span class='ocr_line' id='line_1_27' title="bbox 238 3255 1356 3343; baseline -0.002 -19"><span class='ocrx_word' id='word_1_216' title='bbox 238 3261 361 3335; x_wconf 77' lang='grc' dir='ltr'><strong><em>λευκαῖς</em></strong></span> <span class='ocrx_word' id='word_1_217' title='bbox 381 3255 507 3342; x_wconf 74' lang='grc' dir='ltr'><strong>ψήφοις,</strong></span> <span class='ocrx_word' id='word_1_218' title='bbox 531 3277 617 3343; x_wconf 78' lang='lat' dir='ltr'><strong>quam</strong></span> <span class='ocrx_word' id='word_1_219' title='bbox 638 3259 786 3324; x_wconf 87' lang='lat' dir='ltr'><strong>rationem</strong></span> <span class='ocrx_word' id='word_1_220' title='bbox 808 3259 873 3324; x_wconf 91' lang='lat' dir='ltr'><strong>iniit</strong></span> <span class='ocrx_word' id='word_1_221' title='bbox 886 3259 1064 3325; x_wconf 81' lang='lat' dir='ltr'><strong>Plutarchus</strong></span> <span class='ocrx_word' id='word_1_222' title='bbox 1080 3260 1109 3323; x_wconf 90' lang='lat' dir='ltr'><strong>iu</strong></span> <span class='ocrx_word' id='word_1_223' title='bbox 1123 3259 1240 3324; x_wconf 83' lang='lat' dir='ltr'><strong>Pericle</strong></span> <span class='ocrx_word' id='word_1_224' title='bbox 1263 3281 1288 3322; x_wconf 92' lang='lat' dir='ltr'><strong>c.</strong></span> <span class='ocrx_word' id='word_1_225' title='bbox 1305 3260 1356 3325; x_wconf 79' lang='lat'><strong>27.</strong></span> 
     </span>
     <span class='ocr_line' id='line_1_28' title="bbox 242 3364 1358 3452; baseline -0.004 -20"><span class='ocrx_word' id='word_1_226' title='bbox 242 3367 368 3432; x_wconf 81' lang='lat' dir='ltr'><strong>Omnino</strong></span> <span class='ocrx_word' id='word_1_227' title='bbox 391 3364 524 3430; x_wconf 88' lang='lat' dir='ltr'><strong>Thraces</strong></span> <span class='ocrx_word' id='word_1_228' title='bbox 548 3373 668 3430; x_wconf 88' lang='lat' dir='ltr'><strong>auctore</strong></span> <span class='ocrx_word' id='word_1_229' title='bbox 690 3366 851 3430; x_wconf 89' lang='lat' dir='ltr'><strong>Plinio·H.</strong></span> <span class='ocrx_word' id='word_1_230' title='bbox 875 3366 912 3432; x_wconf 65' lang='grc' dir='ltr'><strong>ΝΖ</strong></span> <span class='ocrx_word' id='word_1_231' title='bbox 935 3369 971 3450; x_wconf 74' lang='lat' dir='ltr'><strong>l,</strong></span> <span class='ocrx_word' id='word_1_232' title='bbox 996 3369 1037 3433; x_wconf 88' lang='grc'><strong>40</strong></span> <span class='ocrx_word' id='word_1_233' title='bbox 1064 3380 1095 3431; x_wconf 88' lang='lat' dir='ltr'><strong>ct</strong></span> <span class='ocrx_word' id='word_1_234' title='bbox 1117 3365 1250 3452; x_wconf 83' lang='lat' dir='ltr'><strong>Scythae</strong></span> <span class='ocrx_word' id='word_1_235' title='bbox 1279 3375 1358 3430; x_wconf 84' lang='lat' dir='ltr'><strong>teste</strong></span> 
     </span>
     <span class='ocr_line' id='line_1_29' title="bbox 235 3469 1358 3558; baseline -0.002 -22"><span class='ocrx_word' id='word_1_236' title='bbox 235 3471 415 3556; x_wconf 84' lang='lat' dir='ltr'><strong>¹Phylarcho</strong></span> <span class='ocrx_word' id='word_1_237' title='bbox 441 3491 488 3556; x_wconf 89' lang='lat' dir='ltr'><strong>ap.</strong></span> <span class='ocrx_word' id='word_1_238' title='bbox 506 3469 669 3538; x_wconf 79' lang='lat' dir='ltr'><strong>Zenobiam</strong></span> <span class='ocrx_word' id='word_1_239' title='bbox 683 3469 738 3558; x_wconf 77' lang='lat' dir='ltr'><strong>vl,</strong></span> <span class='ocrx_word' id='word_1_240' title='bbox 764 3474 802 3540; x_wconf 84' lang='lat'><strong>13</strong></span> <span class='ocrx_word' id='word_1_241' title='bbox 824 3473 921 3537; x_wconf 87' lang='lat' dir='ltr'><strong>laetos</strong></span> <span class='ocrx_word' id='word_1_242' title='bbox 943 3473 1007 3537; x_wconf 91' lang='lat' dir='ltr'><strong>dies</strong></span> <span class='ocrx_word' id='word_1_243' title='bbox 1026 3473 1107 3558; x_wconf 72' lang='lat' dir='ltr'><strong>albo,</strong></span> <span class='ocrx_word' id='word_1_244' title='bbox 1132 3473 1234 3537; x_wconf 87' lang='lat' dir='ltr'><strong>tristes</strong></span> <span class='ocrx_word' id='word_1_245' title='bbox 1258 3485 1358 3536; x_wconf 88' lang='lat' dir='ltr'><strong>autem</strong></span> 
     </span>
     <span class='ocr_line' id='line_1_30' title="bbox 241 3576 1358 3663; baseline 0.002 -23"><span class='ocrx_word' id='word_1_246' title='bbox 241 3576 330 3661; x_wconf 76' lang='lat' dir='ltr'><strong>nigro</strong></span> <span class='ocrx_word' id='word_1_247' title='bbox 353 3577 462 3640; x_wconf 84' lang='lat' dir='ltr'><strong>calculo</strong></span> <span class='ocrx_word' id='word_1_248' title='bbox 486 3579 535 3641; x_wconf 84' lang='lat' dir='ltr'><strong>rel</strong></span> <span class='ocrx_word' id='word_1_249' title='bbox 556 3579 658 3663; x_wconf 87' lang='lat' dir='ltr'><strong>lapillo</strong></span> <span class='ocrx_word' id='word_1_250' title='bbox 679 3580 832 3642; x_wconf 83' lang='lat' dir='ltr'><strong>notabant.</strong></span> <span class='ocrx_word' id='word_1_251' title='bbox 856 3579 895 3642; x_wconf 90' lang='lat' dir='ltr'><strong>At</strong></span> <span class='ocrx_word' id='word_1_252' title='bbox 916 3579 972 3643; x_wconf 91' lang='lat' dir='ltr'><strong>hac</strong></span> <span class='ocrx_word' id='word_1_253' title='bbox 992 3579 1122 3643; x_wconf 83' lang='lat' dir='ltr'><strong>barbara</strong></span> <span class='ocrx_word' id='word_1_254' title='bbox 1144 3578 1358 3644; x_wconf 88' lang='lat' dir='ltr'><strong>consuetudine</strong></span> 
     </span>
     <span class='ocr_line' id='line_1_31' title="bbox 242 3680 1359 3771; baseline 0.001 -25"><span class='ocrx_word' id='word_1_255' title='bbox 242 3683 360 3747; x_wconf 87' lang='lat' dir='ltr'><strong>minime</strong></span> <span class='ocrx_word' id='word_1_256' title='bbox 387 3703 500 3771; x_wconf 84' lang='lat' dir='ltr'><strong>graeca</strong></span> <span class='ocrx_word' id='word_1_257' title='bbox 529 3682 580 3747; x_wconf 91' lang='lat' dir='ltr'><strong>illa</strong></span> <span class='ocrx_word' id='word_1_258' title='bbox 607 3682 735 3748; x_wconf 88' lang='lat' dir='ltr'><strong>formula</strong></span> <span class='ocrx_word' id='word_1_259' title='bbox 755 3680 848 3769; x_wconf 77' lang='grc' dir='ltr'><strong><em>λευκὴ</em></strong></span> <span class='ocrx_word' id='word_1_260' title='bbox 881 3680 1176 3767; x_wconf 63' lang='lat' dir='ltr'><strong>dpdhmillustrauda</strong></span> <span class='ocrx_word' id='word_1_261' title='bbox 1204 3697 1272 3770; x_wconf 81' lang='lat' dir='ltr'><strong>est,</strong></span> <span class='ocrx_word' id='word_1_262' title='bbox 1302 3684 1359 3748; x_wconf 89' lang='lat' dir='ltr'><strong>sed</strong></span> 
     </span>
     <span class='ocr_line' id='line_1_32' title="bbox 242 3775 1359 3879; baseline 0.004 -27"><span class='ocrx_word' id='word_1_263' title='bbox 242 3775 340 3875; x_wconf 89' lang='lat' dir='ltr'><strong>potius</strong></span> <span class='ocrx_word' id='word_1_264' title='bbox 355 3790 498 3855; x_wconf 89' lang='lat' dir='ltr'><strong>dictiones</strong></span> <span class='ocrx_word' id='word_1_265' title='bbox 520 3789 678 3854; x_wconf 85' lang='lat' dir='ltr'><strong>latinorum</strong></span> <span class='ocrx_word' id='word_1_266' title='bbox 700 3804 868 3879; x_wconf 74' lang='lat' dir='ltr'><strong>poetarum,</strong></span> <span class='ocrx_word' id='word_1_267' title='bbox 892 3793 940 3876; x_wconf 85' lang='lat' dir='ltr'><strong>qui</strong></span> <span class='ocrx_word' id='word_1_268' title='bbox 963 3811 1037 3856; x_wconf 87' lang='lat' dir='ltr'><strong>saue</strong></span> <span class='ocrx_word' id='word_1_269' title='bbox 1060 3791 1097 3853; x_wconf 88' lang='lat' dir='ltr'><strong>ad</strong></span> <span class='ocrx_word' id='word_1_270' title='bbox 1119 3792 1176 3854; x_wconf 88' lang='lat' dir='ltr'><strong>hoc</strong></span> <span class='ocrx_word' id='word_1_271' title='bbox 1196 3790 1359 3856; x_wconf 83' lang='lat' dir='ltr'><strong>barbarum</strong></span> 
     </span>
     <span class='ocr_line' id='line_1_33' title="bbox 243 3893 1359 3991; baseline 0.003 -34"><span class='ocrx_word' id='word_1_272' title='bbox 243 3894 404 3960; x_wconf 90' lang='lat' dir='ltr'><strong>institutum</strong></span> <span class='ocrx_word' id='word_1_273' title='bbox 427 3915 520 3989; x_wconf 82' lang='lat' dir='ltr'><strong>saepe</strong></span> <span class='ocrx_word' id='word_1_274' title='bbox 542 3895 679 3961; x_wconf 90' lang='lat' dir='ltr'><strong>alludunt.</strong></span> <span class='ocrx_word' id='word_1_275' title='bbox 727 3895 805 3963; x_wconf 80' lang='lat' dir='ltr'><strong>Vide</strong></span> <span class='ocrx_word' id='word_1_276' title='bbox 839 3897 943 3961; x_wconf 80' lang='lat' dir='ltr'><strong>Catull.</strong></span> <span class='ocrx_word' id='word_1_277' title='bbox 971 3897 1028 3980; x_wconf 81' lang='grc'><strong>68,</strong></span> <span class='ocrx_word' id='word_1_278' title='bbox 1053 3897 1128 3982; x_wconf 68' lang='grc'>148,</span> <span class='ocrx_word' id='word_1_279' title='bbox 1159 3895 1267 3991; x_wconf 80' lang='lat' dir='ltr'><strong>Horat.</strong></span> <span class='ocrx_word' id='word_1_280' title='bbox 1290 3893 1359 3960; x_wconf 89' lang='lat' dir='ltr'><strong>Sat.</strong></span> 
     </span>
     <span class='ocr_line' id='line_1_34' title="bbox 245 3998 1359 4092; baseline 0.001 -29"><span class='ocrx_word' id='word_1_281' title='bbox 245 3998 286 4087; x_wconf 86' lang='grc' dir='ltr'><strong>Π,</strong></span> <span class='ocrx_word' id='word_1_282' title='bbox 309 4002 342 4086; x_wconf 91' lang='grc'><strong>3,</strong></span> <span class='ocrx_word' id='word_1_283' title='bbox 367 4003 446 4088; x_wconf 70' lang='grc'>2465</span> <span class='ocrx_word' id='word_1_284' title='bbox 468 3999 558 4070; x_wconf 85' lang='lat' dir='ltr'><strong>Pers.</strong></span> <span class='ocrx_word' id='word_1_285' title='bbox 576 4001 641 4067; x_wconf 87' lang='lat' dir='ltr'><strong>Sat.</strong></span> <span class='ocrx_word' id='word_1_286' title='bbox 664 4001 705 4088; x_wconf 87' lang='grc' dir='ltr'><strong>Π,</strong></span> <span class='ocrx_word' id='word_1_287' title='bbox 729 4006 757 4075; x_wconf 86' lang='grc'><strong>1.</strong></span> <span class='ocrx_word' id='word_1_288' title='bbox 780 4003 820 4087; x_wconf 71' lang='lat' dir='ltr'><strong>V.</strong></span> <span class='ocrx_word' id='word_1_289' title='bbox 845 4005 926 4088; x_wconf 77' lang='lat'>1083</span> <span class='ocrx_word' id='word_1_290' title='bbox 949 4001 1027 4072; x_wconf 87' lang='lat' dir='ltr'><strong>Pliu.</strong></span> <span class='ocrx_word' id='word_1_291' title='bbox 1049 4001 1125 4092; x_wconf 81' lang='lat' dir='ltr'><strong>llpp.</strong></span> <span class='ocrx_word' id='word_1_292' title='bbox 1148 4001 1179 4087; x_wconf 84' lang='grc'><strong>6,</strong></span> <span class='ocrx_word' id='word_1_293' title='bbox 1204 4002 1242 4070; x_wconf 94' lang='grc'><strong>11</strong></span> <span class='ocrx_word' id='word_1_294' title='bbox 1264 3999 1359 4065; x_wconf 85' lang='lat' dir='ltr'><strong>alios·</strong></span> 
     </span>
     <span class='ocr_line' id='line_1_35' title="bbox 246 4106 415 4197; baseline 0.03 -27"><span class='ocrx_word' id='word_1_295' title='bbox 246 4125 302 4197; x_wconf 79' lang='lat' dir='ltr'><strong>quc</strong></span> <span class='ocrx_word' id='word_1_296' title='bbox 324 4106 415 4175; x_wconf 88' lang='lat' dir='ltr'><strong>locos.</strong></span> 
     </span>
    </p>
   </div>
   <div class='ocr_carea' id='block_1_9' title="bbox 0 0 1508 4892">
    <p class='ocr_par' dir='ltr' id='par_1_12' title="bbox 0 0 1508 4892">
     <span class='ocr_line' id='line_1_36' title="bbox 0 0 1508 4892; baseline 0 0"><span class='ocrx_word' id='word_1_297' title='bbox 0 0 1508 4892; x_wconf 95' lang='lat' dir='ltr'><strong> </strong></span> 
     </span>
    </p>
   </div>
   <div class='ocr_carea' id='block_1_10' title="bbox 1470 1933 1477 2439">
    <p class='ocr_par' dir='ltr' id='par_1_13' title="bbox 1470 1933 1477 2439">
     <span class='ocr_line' id='line_1_37' title="bbox 1470 1933 1477 2439; baseline 0 0"><span class='ocrx_word' id='word_1_298' title='bbox 1470 1933 1477 2439; x_wconf 95' lang='lat' dir='ltr'><strong> </strong></span> 
     </span>
    </p>
   </div>
  </div>
 </body>
</html>
