<?xml version="1.0" encoding="UTF-8"?>
<!DOCTYPE html PUBLIC "-//W3C//DTD XHTML 1.0 Transitional//EN"
    "http://www.w3.org/TR/xhtml1/DTD/xhtml1-transitional.dtd">
<html xmlns="http://www.w3.org/1999/xhtml" xml:lang="en" lang="en">
 <head>
  <title>
</title>
<meta http-equiv="Content-Type" content="text/html;charset=utf-8" />
  <meta name='ocr-system' content='tesseract 3.04.00' />
  <meta name='ocr-capabilities' content='ocr_page ocr_carea ocr_par ocr_line ocrx_word'/>
</head>
<body>
  <div class='ocr_page' id='page_1' title='image "./deeupolidisadul00eupogoog_0031.png"; bbox 0 0 2938 4896; ppageno 0'>
   <div class='ocr_carea' id='block_1_1' title="bbox 694 389 1058 466">
    <p class='ocr_par' dir='ltr' id='par_1_1' title="bbox 694 389 1058 466">
     <span class='ocr_line' id='line_1_1' title="bbox 694 389 1058 466; baseline 0.005 -10"><span class='ocrx_word' id='word_1_1' title='bbox 694 389 1058 466; x_wconf 47' lang='lat' dir='ltr'><strong>dffib·</strong></span> 
     </span>
    </p>
   </div>
   <div class='ocr_carea' id='block_1_2' title="bbox 252 603 1381 1009">
    <p class='ocr_par' dir='ltr' id='par_1_2' title="bbox 252 603 1381 1009">
     <span class='ocr_line' id='line_1_2' title="bbox 264 603 1380 690; baseline 0.004 -24"><span class='ocrx_word' id='word_1_2' title='bbox 264 604 514 668; x_wconf 79' lang='lat' dir='ltr'><strong>autemlasoiuum</strong></span> <span class='ocrx_word' id='word_1_3' title='bbox 529 603 660 668; x_wconf 82' lang='lat' dir='ltr'><strong>saltandi</strong></span> <span class='ocrx_word' id='word_1_4' title='bbox 680 625 788 690; x_wconf 78' lang='lat' dir='ltr'><strong>genus,</strong></span> <span class='ocrx_word' id='word_1_5' title='bbox 812 604 849 672; x_wconf 85' lang='lat' dir='ltr'><strong>de</strong></span> <span class='ocrx_word' id='word_1_6' title='bbox 871 625 928 689; x_wconf 87' lang='lat' dir='ltr'><strong>quo</strong></span> <span class='ocrx_word' id='word_1_7' title='bbox 942 603 1107 670; x_wconf 87' lang='lat' dir='ltr'><strong>Runkeiius</strong></span> <span class='ocrx_word' id='word_1_8' title='bbox 1129 605 1284 690; x_wconf 78' lang='lat' dir='ltr'><strong>aptissime</strong></span> <span class='ocrx_word' id='word_1_9' title='bbox 1306 627 1380 686; x_wconf 81' lang='lat' dir='ltr'><strong>eon-</strong></span> 
     </span>
     <span class='ocr_line' id='line_1_3' title="bbox 252 705 1381 802; baseline 0.005 -30"><span class='ocrx_word' id='word_1_10' title='bbox 252 705 329 773; x_wconf 64' lang='lat' dir='ltr'><strong>“tulit</strong></span> <span class='ocrx_word' id='word_1_11' title='bbox 344 705 483 802; x_wconf 73' lang='lat' dir='ltr'><strong>i&#39;hotium</strong></span> <span class='ocrx_word' id='word_1_12' title='bbox 505 710 621 795; x_wconf 81' lang='lat' dir='ltr'><strong>p.126,</strong></span> <span class='ocrx_word' id='word_1_13' title='bbox 640 710 678 777; x_wconf 88' lang='grc'><strong>13</strong></span> <span class='ocrx_word' id='word_1_14' title='bbox 693 721 781 795; x_wconf 73' lang='lat' dir='ltr'><strong>atque</strong></span> <span class='ocrx_word' id='word_1_15' title='bbox 793 708 975 795; x_wconf 84' lang='lat' dir='ltr'><strong>Hesychinm</strong></span> <span class='ocrx_word' id='word_1_16' title='bbox 998 733 1024 775; x_wconf 90' lang='lat' dir='ltr'><strong>s.</strong></span> <span class='ocrx_word' id='word_1_17' title='bbox 1037 712 1177 794; x_wconf 74' lang='grc' dir='ltr'><strong>Καλαβίς</strong></span> <span class='ocrx_word' id='word_1_18' title='bbox 1198 724 1230 775; x_wconf 90' lang='lat' dir='ltr'><strong>et</strong></span> <span class='ocrx_word' id='word_1_19' title='bbox 1249 733 1274 775; x_wconf 88' lang='lat' dir='ltr'><strong>s.</strong></span> <span class='ocrx_word' id='word_1_20' title='bbox 1294 715 1381 778; x_wconf 79' lang='grc' dir='ltr'>Καλ-</span> 
     </span>
     <span class='ocr_line' id='line_1_4' title="bbox 262 801 1379 904; baseline 0.004 -24"><span class='ocrx_word' id='word_1_21' title='bbox 262 812 409 899; x_wconf 66' lang='grc' dir='ltr'>λιβάιτες.</span> <span class='ocrx_word' id='word_1_22' title='bbox 432 815 518 881; x_wconf 70' lang='lat' dir='ltr'><strong>Aside</strong></span> <span class='ocrx_word' id='word_1_23' title='bbox 531 816 640 881; x_wconf 77' lang='lat' dir='ltr'><strong>Athen.</strong></span> <span class='ocrx_word' id='word_1_24' title='bbox 651 813 726 883; x_wconf 82' lang='lat' dir='ltr'><strong>xlv</strong></span> <span class='ocrx_word' id='word_1_25' title='bbox 737 836 767 903; x_wconf 92' lang='lat' dir='ltr'><strong>p.</strong></span> <span class='ocrx_word' id='word_1_26' title='bbox 781 816 855 900; x_wconf 80' lang='lat'><strong>629,</strong></span> <span class='ocrx_word' id='word_1_27' title='bbox 868 815 885 878; x_wconf 88' lang='lat' dir='ltr'>f</span> <span class='ocrx_word' id='word_1_28' title='bbox 898 801 933 880; x_wconf 83' lang='lat' dir='ltr'><strong>et</strong></span> <span class='ocrx_word' id='word_1_29' title='bbox 953 817 1073 904; x_wconf 80' lang='lat' dir='ltr'><strong>corrige</strong></span> <span class='ocrx_word' id='word_1_30' title='bbox 1088 807 1379 885; x_wconf 77' lang='lat' dir='ltr'><strong>Meinekiierrorenn</strong></span> 
     </span>
     <span class='ocr_line' id='line_1_5' title="bbox 265 921 681 1009; baseline -0.005 -21"><span class='ocrx_word' id='word_1_31' title='bbox 265 921 401 1007; x_wconf 80' lang='lat' dir='ltr'><strong>‚,Athen.</strong></span> <span class='ocrx_word' id='word_1_32' title='bbox 423 921 469 987; x_wconf 86' lang='lat' dir='ltr'><strong>XI</strong></span> <span class='ocrx_word' id='word_1_33' title='bbox 485 942 513 1008; x_wconf 91' lang='lat' dir='ltr'><strong>p.</strong></span> <span class='ocrx_word' id='word_1_34' title='bbox 535 923 609 1009; x_wconf 77' lang='lat'><strong>479,</strong></span> <span class='ocrx_word' id='word_1_35' title='bbox 632 921 681 986; x_wconf 57' lang='lat' dir='ltr'><strong>isti</strong></span> 
     </span>
    </p>
   </div>
   <div class='ocr_carea' id='block_1_3' title="bbox 260 1065 1452 1380">
    <p class='ocr_par' dir='ltr' id='par_1_3' title="bbox 260 1065 1452 1380">
     <span class='ocr_line' id='line_1_6' title="bbox 345 1065 1381 1155; baseline 0.003 -23"><span class='ocrx_word' id='word_1_36' title='bbox 345 1090 373 1132; x_wconf 91' lang='lat' dir='ltr'><strong>v.</strong></span> <span class='ocrx_word' id='word_1_37' title='bbox 396 1068 426 1134; x_wconf 87' lang='grc'><strong>3.</strong></span> <span class='ocrx_word' id='word_1_38' title='bbox 469 1065 527 1148; x_wconf 76' lang='grc' dir='ltr'>ὄζει</span> <span class='ocrx_word' id='word_1_39' title='bbox 551 1069 618 1155; x_wconf 90' lang='lat' dir='ltr'><strong>(pro</strong></span> <span class='ocrx_word' id='word_1_40' title='bbox 641 1065 728 1152; x_wconf 73' lang='grc' dir='ltr'>χέζει)</span> <span class='ocrx_word' id='word_1_41' title='bbox 751 1069 960 1154; x_wconf 81' lang='lat' dir='ltr'><strong>Cet&#39;epitooue</strong></span> <span class='ocrx_word' id='word_1_42' title='bbox 974 1067 1154 1134; x_wconf 85' lang='lat' dir='ltr'><strong>iioesoheiii.</strong></span> <span class='ocrx_word' id='word_1_43' title='bbox 1185 1067 1306 1134; x_wconf 77' lang='lat' dir='ltr'>Similes</span> <span class='ocrx_word' id='word_1_44' title='bbox 1322 1071 1381 1135; x_wconf 86' lang='lat' dir='ltr'><strong>ioci</strong></span> 
     </span>
     <span class='ocr_line' id='line_1_7' title="bbox 262 1169 1452 1276; baseline 0.004 -39"><span class='ocrx_word' id='word_1_45' title='bbox 262 1182 331 1238; x_wconf 86' lang='lat' dir='ltr'><strong>sunt</strong></span> <span class='ocrx_word' id='word_1_46' title='bbox 351 1173 444 1239; x_wconf 66' lang='lat' dir='ltr'><strong>Aries</strong></span> <span class='ocrx_word' id='word_1_47' title='bbox 467 1173 650 1264; x_wconf 84' lang='lat' dir='ltr'><strong>Thesmoph.</strong></span> <span class='ocrx_word' id='word_1_48' title='bbox 679 1198 708 1240; x_wconf 81' lang='lat' dir='ltr'><strong>v.</strong></span> <span class='ocrx_word' id='word_1_49' title='bbox 730 1177 804 1261; x_wconf 82' lang='grc'>570,</span> <span class='ocrx_word' id='word_1_50' title='bbox 825 1171 882 1240; x_wconf 84' lang='grc' dir='ltr'><strong>τὸν</strong></span> <span class='ocrx_word' id='word_1_51' title='bbox 904 1169 1115 1260; x_wconf 78' lang='grc' dir='ltr'><strong>σησαμοῦνθ’,</strong></span> <span class='ocrx_word' id='word_1_52' title='bbox 1138 1172 1177 1240; x_wconf 85' lang='grc' dir='ltr'><strong>ὃν</strong></span> <span class='ocrx_word' id='word_1_53' title='bbox 1197 1173 1379 1262; x_wconf 77' lang='grc' dir='ltr'><strong>κατέφαγες,</strong></span> <span class='ocrx_word' id='word_1_54' title='bbox 1451 1259 1452 1276; x_wconf 19' lang='lat'>¹</span> 
     </span>
     <span class='ocr_line' id='line_1_8' title="bbox 260 1279 1156 1380; baseline -0.003 -34"><span class='ocrx_word' id='word_1_55' title='bbox 260 1283 375 1347; x_wconf 80' lang='grc' dir='ltr'>τοῦτον</span> <span class='ocrx_word' id='word_1_56' title='bbox 393 1287 492 1366; x_wconf 79' lang='grc' dir='ltr'><strong><em>χεσεῖν</em></strong></span> <span class='ocrx_word' id='word_1_57' title='bbox 511 1279 643 1368; x_wconf 75' lang='grc' dir='ltr'>ποιήσοι,</span> <span class='ocrx_word' id='word_1_58' title='bbox 667 1296 698 1346; x_wconf 84' lang='lat' dir='ltr'><strong>et</strong></span> <span class='ocrx_word' id='word_1_59' title='bbox 718 1280 818 1346; x_wconf 78' lang='lat' dir='ltr'><strong>Piaut.</strong></span> <span class='ocrx_word' id='word_1_60' title='bbox 841 1281 955 1348; x_wconf 85' lang='lat' dir='ltr'><strong>Curoui.</strong></span> <span class='ocrx_word' id='word_1_61' title='bbox 976 1280 1018 1380; x_wconf 78' lang='grc' dir='ltr'>Π,</span> <span class='ocrx_word' id='word_1_62' title='bbox 1041 1283 1073 1366; x_wconf 90' lang='grc'><strong>3,</strong></span> <span class='ocrx_word' id='word_1_63' title='bbox 1099 1281 1156 1348; x_wconf 77' lang='lat'><strong>16:</strong></span> 
     </span>
    </p>
   </div>
   <div class='ocr_carea' id='block_1_4' title="bbox 345 1436 1271 1524">
    <p class='ocr_par' dir='ltr' id='par_1_4' title="bbox 345 1436 1271 1524">
     <span class='ocr_line' id='line_1_9' title="bbox 345 1436 1271 1524; baseline 0.001 -24"><span class='ocrx_word' id='word_1_64' title='bbox 345 1458 384 1500; x_wconf 83' lang='lat' dir='ltr'><strong>ex</strong></span> <span class='ocrx_word' id='word_1_65' title='bbox 406 1457 582 1522; x_wconf 87' lang='lat' dir='ltr'><strong>unoquoque</strong></span> <span class='ocrx_word' id='word_1_66' title='bbox 604 1458 706 1502; x_wconf 85' lang='lat' dir='ltr'><strong>eorum</strong></span> <span class='ocrx_word' id='word_1_67' title='bbox 729 1437 876 1502; x_wconf 79' lang='lat' dir='ltr'><strong>excutiam</strong></span> <span class='ocrx_word' id='word_1_68' title='bbox 899 1437 1040 1524; x_wconf 86' lang='lat' dir='ltr'><strong>crepitum</strong></span> <span class='ocrx_word' id='word_1_69' title='bbox 1061 1436 1271 1521; x_wconf 80' lang='lat' dir='ltr'><strong>poientarium.</strong></span> 
     </span>
    </p>
   </div>
   <div class='ocr_carea' id='block_1_5' title="bbox 258 1589 1452 2316">
    <p class='ocr_par' dir='ltr' id='par_1_5' title="bbox 258 1589 1452 2316">
     <span class='ocr_line' id='line_1_10' title="bbox 342 1589 1379 1678; baseline 0.003 -23"><span class='ocrx_word' id='word_1_70' title='bbox 342 1613 372 1655; x_wconf 89' lang='lat' dir='ltr'><strong>v.</strong></span> <span class='ocrx_word' id='word_1_71' title='bbox 394 1594 423 1659; x_wconf 83' lang='grc'><strong>4.</strong></span> <span class='ocrx_word' id='word_1_72' title='bbox 467 1589 649 1657; x_wconf 85' lang='lat' dir='ltr'><strong>Fritzsehios</strong></span> <span class='ocrx_word' id='word_1_73' title='bbox 671 1593 749 1657; x_wconf 86' lang='lat' dir='ltr'><strong>haee</strong></span> <span class='ocrx_word' id='word_1_74' title='bbox 772 1591 842 1656; x_wconf 88' lang='lat' dir='ltr'><strong>mihi</strong></span> <span class='ocrx_word' id='word_1_75' title='bbox 863 1591 986 1656; x_wconf 78' lang='lat' dir='ltr'><strong>scribit:</strong></span> <span class='ocrx_word' id='word_1_76' title='bbox 1014 1591 1134 1677; x_wconf 78' lang='lat' dir='ltr'><strong>„Recte</strong></span> <span class='ocrx_word' id='word_1_77' title='bbox 1156 1604 1186 1656; x_wconf 87' lang='lat' dir='ltr'><strong>tu</strong></span> <span class='ocrx_word' id='word_1_78' title='bbox 1208 1611 1324 1678; x_wconf 84' lang='lat' dir='ltr'><strong>qnoque</strong></span> <span class='ocrx_word' id='word_1_79' title='bbox 1345 1595 1379 1658; x_wconf 89' lang='lat' dir='ltr'><strong>ir.</strong></span> 
     </span>
     <span class='ocr_line' id='line_1_11' title="bbox 260 1695 1377 1786; baseline 0.002 -23"><span class='ocrx_word' id='word_1_80' title='bbox 260 1699 280 1763; x_wconf 86' lang='lat' dir='ltr'><strong>i.</strong></span> <span class='ocrx_word' id='word_1_81' title='bbox 303 1712 522 1764; x_wconf 77' lang='lat' dir='ltr'><strong>assentatorum</strong></span> <span class='ocrx_word' id='word_1_82' title='bbox 544 1698 649 1763; x_wconf 85' lang='lat' dir='ltr'><strong>laudes</strong></span> <span class='ocrx_word' id='word_1_83' title='bbox 671 1697 830 1786; x_wconf 80' lang='lat' dir='ltr'><strong>agnoscis,</strong></span> <span class='ocrx_word' id='word_1_84' title='bbox 866 1718 959 1783; x_wconf 83' lang='lat' dir='ltr'><strong>saepe</strong></span> <span class='ocrx_word' id='word_1_85' title='bbox 990 1695 1058 1762; x_wconf 81' lang='lat' dir='ltr'><strong>ilias</strong></span> <span class='ocrx_word' id='word_1_86' title='bbox 1088 1697 1194 1784; x_wconf 86' lang='lat' dir='ltr'><strong>plenas</strong></span> <span class='ocrx_word' id='word_1_87' title='bbox 1223 1697 1377 1766; x_wconf 82' lang='lat' dir='ltr'><strong>irrisione.</strong></span> 
     </span>
     <span class='ocr_line' id='line_1_12' title="bbox 261 1803 1377 1892; baseline 0.002 -22"><span class='ocrx_word' id='word_1_88' title='bbox 261 1804 443 1890; x_wconf 77' lang='lat' dir='ltr'><strong>Comparare</strong></span> <span class='ocrx_word' id='word_1_89' title='bbox 473 1819 597 1892; x_wconf 80' lang='lat' dir='ltr'><strong>poteras</strong></span> <span class='ocrx_word' id='word_1_90' title='bbox 625 1803 787 1868; x_wconf 84' lang='lat' dir='ltr'><strong>Lucienunu</strong></span> <span class='ocrx_word' id='word_1_91' title='bbox 822 1805 885 1869; x_wconf 91' lang='lat' dir='ltr'><strong>Pro</strong></span> <span class='ocrx_word' id='word_1_92' title='bbox 920 1803 1048 1889; x_wconf 79' lang='lat' dir='ltr'><strong>Imagin.</strong></span> <span class='ocrx_word' id='word_1_93' title='bbox 1077 1825 1102 1867; x_wconf 87' lang='lat' dir='ltr'><strong>o.</strong></span> <span class='ocrx_word' id='word_1_94' title='bbox 1135 1805 1177 1870; x_wconf 81' lang='lat'><strong>20</strong></span> <span class='ocrx_word' id='word_1_95' title='bbox 1207 1803 1257 1868; x_wconf 87' lang='lat' dir='ltr'><strong>fin.</strong></span> <span class='ocrx_word' id='word_1_96' title='bbox 1312 1803 1377 1872; x_wconf 79' lang='lat' dir='ltr'><strong>Seri</strong></span> 
     </span>
     <span class='ocr_line' id='line_1_13' title="bbox 260 1907 1377 2000; baseline 0 -24"><span class='ocrx_word' id='word_1_97' title='bbox 260 1925 394 2000; x_wconf 85' lang='lat' dir='ltr'><strong>quartum</strong></span> <span class='ocrx_word' id='word_1_98' title='bbox 422 1931 543 1976; x_wconf 85' lang='lat' dir='ltr'><strong>versum</strong></span> <span class='ocrx_word' id='word_1_99' title='bbox 571 1910 765 1996; x_wconf 80' lang='lat' dir='ltr'><strong>depravatum</strong></span> <span class='ocrx_word' id='word_1_100' title='bbox 799 1931 868 1974; x_wconf 87' lang='lat' dir='ltr'><strong>esse</strong></span> <span class='ocrx_word' id='word_1_101' title='bbox 896 1931 969 1975; x_wconf 87' lang='lat' dir='ltr'><strong>unus</strong></span> <span class='ocrx_word' id='word_1_102' title='bbox 998 1909 1093 1974; x_wconf 87' lang='lat' dir='ltr'><strong>sensit</strong></span> <span class='ocrx_word' id='word_1_103' title='bbox 1121 1907 1309 1977; x_wconf 82' lang='lat' dir='ltr'><strong>Hermannus</strong></span> <span class='ocrx_word' id='word_1_104' title='bbox 1343 1913 1377 1976; x_wconf 90' lang='lat' dir='ltr'><strong>in</strong></span> 
     </span>
     <span class='ocr_line' id='line_1_14' title="bbox 258 2011 1452 2116; baseline -0.002 -32"><span class='ocrx_word' id='word_1_105' title='bbox 258 2011 422 2084; x_wconf 75' lang='lat' dir='ltr'><strong>Eie&#39;nueutis</strong></span> <span class='ocrx_word' id='word_1_106' title='bbox 443 2015 481 2082; x_wconf 79' lang='lat' dir='ltr'><strong>l);</strong></span> <span class='ocrx_word' id='word_1_107' title='bbox 504 2015 546 2082; x_wconf 87' lang='lat' dir='ltr'><strong>M.</strong></span> <span class='ocrx_word' id='word_1_108' title='bbox 568 2037 597 2102; x_wconf 89' lang='lat' dir='ltr'><strong>p.</strong></span> <span class='ocrx_word' id='word_1_109' title='bbox 611 2017 682 2084; x_wconf 77' lang='lat'>576.</span> <span class='ocrx_word' id='word_1_110' title='bbox 730 2015 903 2082; x_wconf 77' lang='lat' dir='ltr'><strong>verissime.</strong></span> <span class='ocrx_word' id='word_1_111' title='bbox 945 2017 1022 2083; x_wconf 86' lang='lat' dir='ltr'><strong>Nam</strong></span> <span class='ocrx_word' id='word_1_112' title='bbox 1043 2016 1189 2081; x_wconf 80' lang='lat' dir='ltr'><strong>eataiexis</strong></span> <span class='ocrx_word' id='word_1_113' title='bbox 1211 2016 1271 2081; x_wconf 77' lang='lat' dir='ltr'><strong>ista</strong></span> <span class='ocrx_word' id='word_1_114' title='bbox 1289 2031 1374 2082; x_wconf 79' lang='lat' dir='ltr'><strong>eata·</strong></span> <span class='ocrx_word' id='word_1_115' title='bbox 1451 2089 1452 2116; x_wconf 24' lang='lat' dir='ltr'><strong>p</strong></span> 
     </span>
     <span class='ocr_line' id='line_1_15' title="bbox 259 2121 1367 2207; baseline -0.003 -18"><span class='ocrx_word' id='word_1_116' title='bbox 259 2122 354 2189; x_wconf 88' lang='lat' dir='ltr'><strong>iectioi</strong></span> <span class='ocrx_word' id='word_1_117' title='bbox 374 2145 481 2189; x_wconf 87' lang='lat' dir='ltr'><strong>versus</strong></span> <span class='ocrx_word' id='word_1_118' title='bbox 504 2123 623 2187; x_wconf 87' lang='lat' dir='ltr'><strong>omnino</strong></span> <span class='ocrx_word' id='word_1_119' title='bbox 645 2144 705 2186; x_wconf 92' lang='lat' dir='ltr'><strong>non</strong></span> <span class='ocrx_word' id='word_1_120' title='bbox 727 2123 838 2186; x_wconf 83' lang='lat' dir='ltr'><strong>usitate</strong></span> <span class='ocrx_word' id='word_1_121' title='bbox 860 2135 915 2187; x_wconf 87' lang='lat' dir='ltr'><strong>est.</strong></span> <span class='ocrx_word' id='word_1_122' title='bbox 951 2123 1061 2188; x_wconf 87' lang='lat' dir='ltr'><strong>Graeci</strong></span> <span class='ocrx_word' id='word_1_123' title='bbox 1082 2121 1113 2185; x_wconf 88' lang='lat' dir='ltr'><strong>in</strong></span> <span class='ocrx_word' id='word_1_124' title='bbox 1134 2123 1191 2186; x_wconf 87' lang='lat' dir='ltr'><strong>hoe</strong></span> <span class='ocrx_word' id='word_1_125' title='bbox 1211 2123 1294 2186; x_wconf 84' lang='lat' dir='ltr'><strong>metri</strong></span> <span class='ocrx_word' id='word_1_126' title='bbox 1311 2143 1367 2207; x_wconf 80' lang='lat' dir='ltr'><strong>ge-</strong></span> 
     </span>
     <span class='ocr_line' id='line_1_16' title="bbox 259 2226 1374 2316; baseline -0.003 -21"><span class='ocrx_word' id='word_1_127' title='bbox 259 2251 333 2295; x_wconf 89' lang='lat' dir='ltr'><strong>nere</strong></span> <span class='ocrx_word' id='word_1_128' title='bbox 355 2229 442 2295; x_wconf 86' lang='lat' dir='ltr'><strong>modo</strong></span> <span class='ocrx_word' id='word_1_129' title='bbox 464 2229 545 2294; x_wconf 85' lang='lat' dir='ltr'><strong>uuila</strong></span> <span class='ocrx_word' id='word_1_130' title='bbox 565 2237 684 2294; x_wconf 87' lang='lat' dir='ltr'><strong>utuntur</strong></span> <span class='ocrx_word' id='word_1_131' title='bbox 705 2226 855 2316; x_wconf 81' lang='lat' dir='ltr'><strong>uataiexi,</strong></span> <span class='ocrx_word' id='word_1_132' title='bbox 885 2229 971 2295; x_wconf 88' lang='lat' dir='ltr'><strong>modo</strong></span> <span class='ocrx_word' id='word_1_133' title='bbox 999 2230 1057 2294; x_wconf 86' lang='lat' dir='ltr'><strong>hae</strong></span> <span class='ocrx_word' id='word_1_134' title='bbox 1086 2231 1132 2312; x_wconf 88' lang='lat' dir='ltr'><strong>(ut</strong></span> <span class='ocrx_word' id='word_1_135' title='bbox 1151 2229 1183 2294; x_wconf 90' lang='lat' dir='ltr'><strong>iu</strong></span> <span class='ocrx_word' id='word_1_136' title='bbox 1202 2227 1374 2294; x_wconf 77' lang='lat' dir='ltr'><strong>Heraeiiufis</strong></span> 
     </span>
    </p>
   </div>
   <div class='ocr_carea' id='block_1_6' title="bbox 20 2338 398 2432">
    <p class='ocr_par' dir='ltr' id='par_1_6' title="bbox 20 2338 398 2432">
     <span class='ocr_line' id='line_1_17' title="bbox 20 2338 398 2432; baseline 0.011 -30"><span class='ocrx_word' id='word_1_137' title='bbox 20 2418 31 2432; x_wconf 30' lang='lat' dir='ltr'>f</span> <span class='ocrx_word' id='word_1_138' title='bbox 259 2360 287 2402; x_wconf 90' lang='lat' dir='ltr'><strong>v.</strong></span> <span class='ocrx_word' id='word_1_139' title='bbox 309 2338 398 2422; x_wconf 83' lang='lat'>900),</span> 
     </span>
    </p>
   </div>
   <div class='ocr_carea' id='block_1_7' title="bbox 258 2579 546 2665">
    <p class='ocr_par' dir='ltr' id='par_1_7' title="bbox 258 2579 546 2665">
     <span class='ocr_line' id='line_1_18' title="bbox 258 2579 546 2665; baseline -0.014 -18"><span class='ocrx_word' id='word_1_140' title='bbox 258 2583 345 2648; x_wconf 87' lang='lat' dir='ltr'><strong>modo</strong></span> <span class='ocrx_word' id='word_1_141' title='bbox 369 2579 458 2645; x_wconf 84' lang='lat' dir='ltr'><strong>etiarn</strong></span> <span class='ocrx_word' id='word_1_142' title='bbox 479 2580 546 2665; x_wconf 85' lang='lat' dir='ltr'><strong>hac,</strong></span> 
     </span>
    </p>
   </div>
   <div class='ocr_carea' id='block_1_8' title="bbox 256 2845 1450 3260">
    <p class='ocr_par' dir='ltr' id='par_1_8' title="bbox 256 2845 1450 3260">
     <span class='ocr_line' id='line_1_19' title="bbox 339 2845 1450 2944; baseline -0.005 -26"><span class='ocrx_word' id='word_1_143' title='bbox 339 2851 454 2937; x_wconf 80' lang='lat' dir='ltr'><strong>Nempe</strong></span> <span class='ocrx_word' id='word_1_144' title='bbox 470 2847 594 2934; x_wconf 85' lang='lat' dir='ltr'><strong>Eupolis</strong></span> <span class='ocrx_word' id='word_1_145' title='bbox 615 2870 675 2911; x_wconf 94' lang='lat' dir='ltr'><strong>non</strong></span> <span class='ocrx_word' id='word_1_146' title='bbox 695 2851 779 2932; x_wconf 76' lang='grc' dir='ltr'><strong>μῆλα</strong></span> <span class='ocrx_word' id='word_1_147' title='bbox 795 2845 828 2913; x_wconf 79' lang='grc' dir='ltr'><strong>δὲ</strong></span> <span class='ocrx_word' id='word_1_148' title='bbox 841 2845 1020 2934; x_wconf 68' lang='grc' dir='ltr'><strong>χρέμπτεται</strong></span> <span class='ocrx_word' id='word_1_149' title='bbox 1041 2851 1216 2938; x_wconf 83' lang='lat' dir='ltr'><strong>scripserat,</strong></span> <span class='ocrx_word' id='word_1_150' title='bbox 1239 2851 1293 2916; x_wconf 80' lang='lat' dir='ltr'><strong>sed</strong></span> <span class='ocrx_word' id='word_1_151' title='bbox 1316 2869 1375 2934; x_wconf 90' lang='lat' dir='ltr'><strong>po·</strong></span> <span class='ocrx_word' id='word_1_152' title='bbox 1449 2869 1450 2944; x_wconf 68' lang='lat' dir='ltr'><strong>p</strong></span> 
     </span>
     <span class='ocr_line' id='line_1_20' title="bbox 257 2950 1377 3041; baseline -0.004 -18"><span class='ocrx_word' id='word_1_153' title='bbox 257 2959 324 3038; x_wconf 79' lang='lat' dir='ltr'><strong>tius,</strong></span> <span class='ocrx_word' id='word_1_154' title='bbox 346 2953 525 3041; x_wconf 79' lang='grc' dir='ltr'>χρέμπτεται</span> <span class='ocrx_word' id='word_1_155' title='bbox 546 2950 580 3019; x_wconf 81' lang='grc' dir='ltr'><strong>δέ</strong></span> <span class='ocrx_word' id='word_1_156' title='bbox 601 2977 635 3037; x_wconf 79' lang='grc' dir='ltr'><strong>με</strong></span> <span class='ocrx_word' id='word_1_157' title='bbox 655 2957 747 3038; x_wconf 80' lang='grc' dir='ltr'>μῆλα.</span> <span class='ocrx_word' id='word_1_158' title='bbox 789 2952 838 3017; x_wconf 76' lang='lat' dir='ltr'><strong>Ita</strong></span> <span class='ocrx_word' id='word_1_159' title='bbox 859 2973 953 3040; x_wconf 86' lang='lat' dir='ltr'><strong>saepe</strong></span> <span class='ocrx_word' id='word_1_160' title='bbox 976 2957 1140 3040; x_wconf 82' lang='lat' dir='ltr'><strong>particulae</strong></span> <span class='ocrx_word' id='word_1_161' title='bbox 1160 2953 1217 3041; x_wconf 79' lang='lat' dir='ltr'><strong>pie</strong></span> <span class='ocrx_word' id='word_1_162' title='bbox 1232 2993 1272 3002; x_wconf 93' lang='lat'><em>-</em></span> <span class='ocrx_word' id='word_1_163' title='bbox 1287 2951 1377 3022; x_wconf 72' lang='lat' dir='ltr'><strong>ee·-</strong></span> 
     </span>
     <span class='ocr_line' id='line_1_21' title="bbox 256 3058 1375 3148; baseline -0.004 -17"><span class='ocrx_word' id='word_1_164' title='bbox 256 3061 343 3148; x_wconf 74' lang='grc' dir='ltr'><strong>δέμε</strong></span> <span class='ocrx_word' id='word_1_165' title='bbox 364 3061 557 3144; x_wconf 80' lang='lat' dir='ltr'><strong>sibiiovioem</strong></span> <span class='ocrx_word' id='word_1_166' title='bbox 571 3073 769 3147; x_wconf 80' lang='lat' dir='ltr'><strong>opponuntur,</strong></span> <span class='ocrx_word' id='word_1_167' title='bbox 792 3060 882 3125; x_wconf 85' lang='lat' dir='ltr'><strong>veluti</strong></span> <span class='ocrx_word' id='word_1_168' title='bbox 906 3059 935 3123; x_wconf 93' lang='lat' dir='ltr'><strong>in</strong></span> <span class='ocrx_word' id='word_1_169' title='bbox 950 3058 1040 3125; x_wconf 84' lang='lat' dir='ltr'><strong>Pluto</strong></span> <span class='ocrx_word' id='word_1_170' title='bbox 1062 3084 1091 3126; x_wconf 89' lang='lat' dir='ltr'><strong>v.</strong></span> <span class='ocrx_word' id='word_1_171' title='bbox 1105 3063 1164 3129; x_wconf 82' lang='lat'><strong>162</strong></span> <span class='ocrx_word' id='word_1_172' title='bbox 1186 3083 1250 3148; x_wconf 81' lang='lat' dir='ltr'><strong>sqq.</strong></span> <span class='ocrx_word' id='word_1_173' title='bbox 1280 3060 1375 3145; x_wconf 84' lang='lat' dir='ltr'><strong>Ejus·</strong></span> 
     </span>
     <span class='ocr_line' id='line_1_22' title="bbox 256 3153 1352 3260; baseline -0.007 -23"><span class='ocrx_word' id='word_1_174' title='bbox 256 3161 329 3237; x_wconf 57' lang='lat' dir='ltr'><strong>dem&#39;</strong></span> <span class='ocrx_word' id='word_1_175' title='bbox 344 3169 430 3238; x_wconf 83' lang='lat' dir='ltr'><strong>metri</strong></span> <span class='ocrx_word' id='word_1_176' title='bbox 452 3153 500 3232; x_wconf 83' lang='lat' dir='ltr'><strong>est</strong></span> <span class='ocrx_word' id='word_1_177' title='bbox 520 3176 656 3260; x_wconf 71' lang='lat' dir='ltr'><strong>systemje</strong></span> <span class='ocrx_word' id='word_1_178' title='bbox 678 3164 929 3252; x_wconf 83' lang='lat' dir='ltr'><strong>Aristophanoum</strong></span> <span class='ocrx_word' id='word_1_179' title='bbox 952 3185 1001 3252; x_wconf 86' lang='lat' dir='ltr'><strong>ap.</strong></span> <span class='ocrx_word' id='word_1_180' title='bbox 1023 3169 1133 3234; x_wconf 77' lang='lat' dir='ltr'><strong>Athen.</strong></span> <span class='ocrx_word' id='word_1_181' title='bbox 1154 3163 1185 3232; x_wconf 92' lang='lat' dir='ltr'><strong>ll</strong></span> <span class='ocrx_word' id='word_1_182' title='bbox 1206 3188 1235 3254; x_wconf 90' lang='lat' dir='ltr'><strong>p.</strong></span> <span class='ocrx_word' id='word_1_183' title='bbox 1257 3167 1310 3253; x_wconf 83' lang='grc'>48,</span> <span class='ocrx_word' id='word_1_184' title='bbox 1336 3190 1352 3229; x_wconf 88' lang='grc' dir='ltr'>ο</span> 
     </span>
    </p>
   </div>
   <div class='ocr_carea' id='block_1_9' title="bbox 631 3298 959 3388">
    <p class='ocr_par' dir='ltr' id='par_1_9' title="bbox 631 3298 959 3388">
     <span class='ocr_line' id='line_1_23' title="bbox 631 3298 959 3388; baseline 0 -20"><span class='ocrx_word' id='word_1_185' title='bbox 631 3300 715 3380; x_wconf 81' lang='grc' dir='ltr'>ὅστις</span> <span class='ocrx_word' id='word_1_186' title='bbox 735 3300 770 3368; x_wconf 81' lang='grc' dir='ltr'><strong>ἐν</strong></span> <span class='ocrx_word' id='word_1_187' title='bbox 789 3298 959 3388; x_wconf 63' lang='grc' dir='ltr'>ἡδυόσμοις</span> 
     </span>
    </p>
   </div>
   <div class='ocr_carea' id='block_1_10' title="bbox 627 3407 1028 3606">
    <p class='ocr_par' dir='ltr' id='par_1_10' title="bbox 627 3407 1028 3606">
     <span class='ocr_line' id='line_1_24' title="bbox 630 3407 1003 3495; baseline 0 -19"><span class='ocrx_word' id='word_1_188' title='bbox 630 3407 788 3494; x_wconf 79' lang='grc' dir='ltr'>στρώμασι</span> <span class='ocrx_word' id='word_1_189' title='bbox 807 3413 1003 3495; x_wconf 54' lang='lat' dir='ltr'><strong>reumaticus</strong></span> 
     </span>
     <span class='ocr_line' id='line_1_25' title="bbox 627 3512 1028 3606; baseline 0.007 -25"><span class='ocrx_word' id='word_1_190' title='bbox 627 3512 687 3600; x_wconf 80' lang='grc' dir='ltr'><strong>τὴν</strong></span> <span class='ocrx_word' id='word_1_191' title='bbox 709 3514 878 3584; x_wconf 62' lang='lat' dir='ltr'><strong>amoueo</strong></span> <span class='ocrx_word' id='word_1_192' title='bbox 898 3514 1028 3606; x_wconf 77' lang='grc' dir='ltr'>ἐρείδεις.</span> 
     </span>
    </p>
   </div>
   <div class='ocr_carea' id='block_1_11' title="bbox 252 3665 1374 4299">
    <p class='ocr_par' dir='ltr' id='par_1_11' title="bbox 252 3665 1374 4299">
     <span class='ocr_line' id='line_1_26' title="bbox 335 3665 1372 3770; baseline -0.01 -18"><span class='ocrx_word' id='word_1_193' title='bbox 335 3685 402 3752; x_wconf 86' lang='grc' dir='ltr'><strong>Ηοε</strong></span> <span class='ocrx_word' id='word_1_194' title='bbox 420 3683 511 3770; x_wconf 78' lang='lat' dir='ltr'><strong>igitur</strong></span> <span class='ocrx_word' id='word_1_195' title='bbox 522 3665 629 3746; x_wconf 82' lang='lat' dir='ltr'><strong>versus</strong></span> <span class='ocrx_word' id='word_1_196' title='bbox 643 3679 778 3767; x_wconf 85' lang='lat' dir='ltr'><strong>suspicor</strong></span> <span class='ocrx_word' id='word_1_197' title='bbox 800 3678 837 3745; x_wconf 86' lang='lat' dir='ltr'><strong>ad</strong></span> <span class='ocrx_word' id='word_1_198' title='bbox 858 3679 936 3746; x_wconf 87' lang='lat' dir='ltr'><strong>idem</strong></span> <span class='ocrx_word' id='word_1_199' title='bbox 955 3701 1075 3744; x_wconf 86' lang='lat' dir='ltr'><strong>carmen</strong></span> <span class='ocrx_word' id='word_1_200' title='bbox 1090 3675 1268 3747; x_wconf 82' lang='lat' dir='ltr'><strong>referendos</strong></span> <span class='ocrx_word' id='word_1_201' title='bbox 1282 3701 1372 3765; x_wconf 80' lang='lat' dir='ltr'><strong>esse,</strong></span> 
     </span>
     <span class='ocr_line' id='line_1_27' title="bbox 254 3783 1374 3879; baseline -0.017 -21"><span class='ocrx_word' id='word_1_202' title='bbox 254 3817 272 3858; x_wconf 90' lang='lat' dir='ltr'><strong>e</strong></span> <span class='ocrx_word' id='word_1_203' title='bbox 301 3814 357 3878; x_wconf 87' lang='lat' dir='ltr'><strong>quo</strong></span> <span class='ocrx_word' id='word_1_204' title='bbox 389 3787 536 3879; x_wconf 87' lang='lat' dir='ltr'><strong>depromti</strong></span> <span class='ocrx_word' id='word_1_205' title='bbox 563 3787 674 3852; x_wconf 88' lang='lat' dir='ltr'><strong>fuerint</strong></span> <span class='ocrx_word' id='word_1_206' title='bbox 701 3810 808 3853; x_wconf 90' lang='lat' dir='ltr'><strong>versus</strong></span> <span class='ocrx_word' id='word_1_207' title='bbox 829 3785 1025 3854; x_wconf 79' lang='lat' dir='ltr'><strong>Pherecratei</strong></span> <span class='ocrx_word' id='word_1_208' title='bbox 1052 3785 1081 3849; x_wconf 95' lang='lat' dir='ltr'><strong>in</strong></span> <span class='ocrx_word' id='word_1_209' title='bbox 1104 3787 1229 3875; x_wconf 83' lang='lat' dir='ltr'><strong>Fragm.</strong></span> <span class='ocrx_word' id='word_1_210' title='bbox 1250 3783 1295 3851; x_wconf 88' lang='lat' dir='ltr'><strong>Ill</strong></span> <span class='ocrx_word' id='word_1_211' title='bbox 1319 3787 1374 3852; x_wconf 69' lang='lat' dir='ltr'><strong>ed,</strong></span> 
     </span>
     <span class='ocr_line' id='line_1_28' title="bbox 252 3899 384 3968; baseline -0.045 1"><span class='ocrx_word' id='word_1_212' title='bbox 252 3899 384 3968; x_wconf 85' lang='lat' dir='ltr'><strong>Meinek.</strong></span> 
     </span>
     <span class='ocr_line' id='line_1_29' title="bbox 590 3995 967 4084; baseline -0.013 -18"><span class='ocrx_word' id='word_1_213' title='bbox 590 3995 640 4066; x_wconf 82' lang='lat' dir='ltr'><strong>Ori</strong></span> <span class='ocrx_word' id='word_1_214' title='bbox 660 4003 725 4084; x_wconf 81' lang='grc' dir='ltr'><strong>πῦρ</strong></span> <span class='ocrx_word' id='word_1_215' title='bbox 746 3997 821 4066; x_wconf 71' lang='grc' dir='ltr'>οὐδὲ</span> <span class='ocrx_word' id='word_1_216' title='bbox 841 4001 967 4084; x_wconf 69' lang='grc' dir='ltr'>σίδηρος</span> 
     </span>
     <span class='ocr_line' id='line_1_30' title="bbox 586 4102 975 4196; baseline -0.018 -22"><span class='ocrx_word' id='word_1_217' title='bbox 586 4103 661 4196; x_wconf 62' lang='grc' dir='ltr'><strong>οὐδὲ</strong></span> <span class='ocrx_word' id='word_1_218' title='bbox 683 4102 796 4190; x_wconf 79' lang='grc' dir='ltr'>χαλκὸς</span> <span class='ocrx_word' id='word_1_219' title='bbox 818 4103 859 4171; x_wconf 78' lang='grc' dir='ltr'><strong>ἂν</strong></span> <span class='ocrx_word' id='word_1_220' title='bbox 879 4107 975 4189; x_wconf 71' lang='grc' dir='ltr'>εἴργοι</span> 
     </span>
     <span class='ocr_line' id='line_1_31' title="bbox 584 4210 1113 4299; baseline -0.017 -15"><span class='ocrx_word' id='word_1_221' title='bbox 584 4211 627 4299; x_wconf 82' lang='grc' dir='ltr'><strong>μὴ</strong></span> <span class='ocrx_word' id='word_1_222' title='bbox 646 4215 762 4299; x_wconf 71' lang='grc' dir='ltr'>φοιτᾶν</span> <span class='ocrx_word' id='word_1_223' title='bbox 781 4210 832 4280; x_wconf 61' lang='lat' dir='ltr'><strong>hi</strong></span> <span class='ocrx_word' id='word_1_224' title='bbox 851 4214 985 4280; x_wconf 65' lang='grc' dir='ltr'>σεἰτνοιι.</span> <span class='ocrx_word' id='word_1_225' title='bbox 1106 4251 1113 4260; x_wconf 35' lang='grc' dir='ltr'>ε</span> 
     </span>
    </p>
   </div>
   <div class='ocr_carea' id='block_1_12' title="bbox 0 0 1474 4896">
    <p class='ocr_par' dir='ltr' id='par_1_12' title="bbox 0 0 1474 4896">
     <span class='ocr_line' id='line_1_32' title="bbox 0 0 1474 4896; baseline 0 4"><span class='ocrx_word' id='word_1_226' title='bbox 0 0 1474 4896; x_wconf 95' lang='lat' dir='ltr'><strong> </strong></span> 
     </span>
    </p>
   </div>
  </div>
 </body>
</html>
