2938 4896
184 837 294 903 Athen.
317 837 390 904 XIV
412 857 440 924 p.
463 837 537 923 646,
558 839 579 903 ί.
603 837 779 922 Σησαμίδες
799 835 833 903 έν
853 835 973 922 μέλιτος
995 804 1217 921 καίίσησάμων

101 941 329 1028 πεφρυγμένων
350 944 403 1011 καί
417 943 522 1010 ἐλαίου
532 946 714 1030 σφαιροειδῆ
727 942 877 1030 πέμματα.
907 943 1047 1021 Εὔπολις
1062 941 1214 1022 Κόλαξιν·

430 1083 490 1160 Ὃς
510 1085 644 1168 χαρίτων
664 1081 721 1166 μὲν
741 1080 818 1163 ὄζει,

440 1183 678 1274 καλλαβίδαςδέ
698 1191 812 1274 βαίνει,

439 1298 610 1382 σησαμίδας
630 1295 663 1361 δὲ
684 1293 768 1380 χέζει,
838 1337 840 1342 -

436 1407 519 1490 μῆλα
539 1400 572 1494 δέ
591 1401 778 1490 χρέμπτεται.

68 1608 74 1612 .
169 1553 305 1632 Quatuur
326 1557 499 1643 hiversus,
521 1579 644 1644 quonum
666 1558 823 1624 secuudum
847 1565 878 1622 et
905 1557 1023 1622 tertium
1044 1555 1218 1644 Athenaeus

104 1661 208 1744 paulic·
235 1676 305 1728 ante
328 1663 400 1728 citat
420 1685 449 1752 p.
471 1665 574 1750 630,a
600 1664 795 1746 καλλαβίδων
816 1657 847 1727 δ’
871 1659 1012 1739 Εὔπολις
1030 1661 1064 1728 έν
1085 1660 1218 1741 Κόλαζι·
1303 1705 1307 1717 ·

105 1769 290 1856 καλλαβίδας
306 1767 442 1856 -χέζει,
463 1771 567 1856 procul
582 1770 668 1837 dubio
685 1793 724 1837 ex
746 1770 876 1835 carmine
893 1768 1109 1855 antistrophicu
1131 1767 1220 1834 sumti

105 1887 186 1961 sunt,
218 1876 297 1962 qnod
319 1878 383 1962 jam
406 1877 479 1944 vidit
508 1877 699 1946 Hermannus
726 1875 821 1942 Elem.
849 1874 943 1943 doctr.
975 1889 1060 1940 metr.
1087 1896 1116 1962 p.
1146 1875 1219 1942 576.

107 1979 190 2045 Male
212 1981 352 2070 Heringa
380 1983 410 2047 in
434 1983 522 2049 obss.
546 2005 569 2046 c.
592 1981 696 2048 XXVI
725 2003 754 2068 p.
777 1981 917 2050 2241108
938 2003 1045 2044 versun
1067 2001 1137 2044 esse
1159 1978 1222 2044 vuit

107 2085 275 2181 Cratiuecs.
324 2087 417 2154 Immo
447 2101 514 2154 sunt
536 2089 705 2156 choriambi
733 2089 851 2157 dimetri
883 2087 1063 2172 catalectici,
1093 2085 1130 2150 de
1163 2106 1220 2170 qun

106 2209 202 2262 metro
218 2195 394 2288 =eupusitum
416 2203 463 2260 est
485 2196 522 2260 ab
544 2194 718 2263 Hermanno
740 2194 760 2259 l.
782 2194 802 2260 1.
822 2216 854 2284 p.
876 2195 938 2262 424
953 2216 997 2282 sq.
1021 2213 1050 2280 p.
1066 2193 1125 2262 481
1150 2199 1221 2258 eta

110 2301 284 2368 Gaisfurdiu
308 2300 346 2365 ad
367 2301 534 2386 Hephaest.
557 2321 586 2387 p.
602 2301 674 2367 292.
794 2365 797 2370 Δ
845 2291 856 2306 ’

188 2441 355 2507 verissime
376 2454 474 2506 autem
496 2438 655 2508 Dubrneus
678 2440 716 2505 ad
730 2440 822 2505 Arist.
837 2438 917 2504 Piut.
938 2462 967 2504 v.
993 2442 1069 2509 1021
1096 2455 1127 2506 et
1141 2440 1220 2507 Mei·

108 2548 214 2613 nekius
242 2548 312 2612 hist.
340 2548 404 2612 crit.
431 2570 461 2635 p.
486 2549 546 2617 132
572 2530 616 2633 sup.
646 2547 722 2612 hunc
749 2548 861 2632 iocum,
897 2547 944 2610 cui
971 2547 1147 2615 simillimum
1173 2549 1221 2614 in-

109 2654 215 2719 venias
243 2653 272 2717 in
301 2653 496 2720 Pherecratis
521 2652 656 2739 Πέρσαις
682 2675 731 2740 ap.
753 2655 863 2719 Athen.
893 2653 951 2718 XV
979 2673 1009 2738 p.
1032 2656 1146 2740 685„
1165 2677 1220 2742 pro

109 2761 192 2826 chori
212 2760 348 2824 versibus
370 2761 537 2825 habuerunt
559 2775 590 2824 et
611 2761 650 2824 ad
671 2760 794 2824 Calliam
824 2759 931 2844 ipsum,
956 2759 1103 2825 huminem
1126 2762 1221 2825 omui-

109 2869 164 2933 bus
185 2866 384 2952 vuluptatibus
415 2864 613 2952 diffluentem,
642 2865 815 2932 retulerunt.
860 2863 921 2929 Sed
950 2864 1064 2932 dicatur
1092 2866 1128 2931 de
1159 2866 1221 2931 sin-

110 2972 200 3058 gulis.

194 3126 221 3168 v.
245 3104 261 3170 1
286 3115 316 3168 et
337 3103 358 3168 2
382 3103 488 3168 omittit
509 3103 540 3167 C.
564 3126 592 3168 v.
618 3105 645 3172 1.
667 3128 703 3188 με
723 3106 836 3188 νομίζει
857 3099 920 3166 ΑΒ.
942 3105 1091 3186 μενομίζει
1113 3101 1151 3171 V.
1174 3129 1223 3171 νε-

109 3212 222 3295 νομίζει
233 3209 269 3276 Ρ.
290 3206 347 3294 μὲν
368 3205 467 3294 ὀμιχεΐ
481 3209 574 3275 Basil.
589 3209 626 3293 L,
651 3211 728 3296 quccl
748 3209 870 3274 retinuit
890 3207 1092 3276 Hermannus.
1120 3211 1221 3298 Egre-

109 3319 159 3404 gie
181 3340 255 3382 vero
277 3317 446 3382 uun-ecus
465 3315 592 3381 observ.
613 3317 645 3380 n
665 3317 775 3382 ιιιιι.
797 3337 827 3400 p.
842 3317 904 3382 ιιο
926 3329 956 3378 α
971 3295 1128 3380 insonus
1145 3317 1221 3382 mn.

111 3423 215 3487 celian.
239 3443 268 3508 p.
286 3425 347 3488 247
368 3420 424 3503 μέν
445 3418 505 3500 ὄζει
525 3423 730 3506 restituerunt,
753 3422 782 3486 id
803 3421 883 3506 quud
904 3407 1059 3506 probatum
1090 3435 1137 3487 est
1156 3421 1221 3489 Du-

109 3530 201 3593 braeu
225 3529 243 3592 Ι.
267 3529 299 3615 1.,
322 3527 494 3614 Meinekiu,
523 3527 682 3591 Dindcrfiu
707 3540 736 3589 et
757 3547 786 3612 p.
811 3509 869 3594 129
897 3526 1056 3592 Runkeiic.
1104 3528 1222 3594 Etenim
1304 3599 1317 3611 ,

15 3652 23 3660 ·
112 3634 206 3698 codex
228 3637 375 3722 epitomes
397 3635 547 3723 prioribus
578 3633 698 3698 omissis
726 3633 820 3698 iocum
849 3635 892 3698 sic
911 3634 1029 3720 incipit,
1053 3638 1223 3718 σησαμίδας

32 3731 39 3742 ’
112 3735 144 3804 δέ
166 3737 247 3826 ὄζει,
272 3764 311 3806 ex
333 3763 389 3826 quo
412 3741 487 3805 satis
510 3754 659 3828 apparet,
691 3739 847 3805 lectionem
876 3737 911 3816 ὃς
930 3741 1066 3825 χαρίτων
1086 3737 1142 3824 μὲν
1163 3739 1224 3822 ὄζει

107 3846 170 3929 jam
195 3846 354 3931 antiquitus
377 3848 542 3924 exstitisse.
571 3846 708 3910 Ceterum
727 3847 882 3931 vulgatam
903 3844 959 3929 μέν
981 3840 1081 3931 ὄμιχεῖ
1099 3847 1222 3936 primum

112 3950 249 4046 Heringa
273 3951 334 4015 Ι.1.
358 3967 524 4040 suspectam
546 3950 659 4018 habuit.

194 4092 275 4158 v.'2.
304 4091 486 4174 καλλαβίδας
506 4090 542 4156 L.
565 4092 751 4176 καλλαβίδας
771 4089 921 4188 ᾼΒΡό,
953 4112 1040 4177 quem
1068 4091 1223 4159 lectionem
1290 4073 1296 4082 ¹
1351 4183 1354 4190 Ι

115 4195 304 4264 Casuubcnus
327 4196 415 4263 etiam
439 4218 478 4261 ex
490 4196 648 4264 Athenaeo
670 4199 816 4284 p.630,a
836 4197 991 4264 intextum
1004 4200 1128 4288 recepit.
1149 4199 1225 4266 Erat
