2938 4896
435 361 829 472 'qaae-

128 588 167 652 lis
188 609 252 654 rem
273 587 316 652 ita
336 587 519 675 instituisse,
542 602 585 675 ut,
608 590 675 656 dum
697 591 727 656 in
748 591 893 656 interiore
914 599 1000 678 parte
1031 593 1147 660 aedinm
1170 592 1238 660 Cal-

130 694 189 760 lias
209 713 272 792 curn
293 694 383 760 sociis
405 694 570 784 scortisque
599 697 772 783 epulantur,
803 698 910 784 aliquis
940 698 1024 764 suras
1053 699 1188 785 prodiret
1209 711 1241 762 et

128 800 197 884 quid
215 801 294 868 intus
317 814 460 888 ageretur
477 801 654 867 narraret.“
697 797 700 806 ’

624 1004 744 1139 κατ’

207 1239 345 1306 Transeo
372 1264 448 1308 nunc
469 1242 508 1307 ad
535 1243 722 1308 Eustatbium
749 1265 779 1331 p.
804 1245 901 1331 1547,
924 1247 981 1312 53:
1004 1277 1045 1294 ·-
1066 1241 1151 1310 καθὰ
1178 1242 1234 1328 ἑμ-

121 1347 248 1518 Ξαίνεμν
267 1345 407 1425 Εὔπολις
423 1345 540 1435 λέγεται
560 1347 617 1416 τὸν
636 1348 773 1435 φυσικὸν
789 1349 1004 1437 Πρωταγόραν
1025 1353 1236 1442 διακωμῳδῶν
1276 1387 1280 1408 ι

176 1475 237 1542 τῳ·
627 1525 631 1536 ρ

354 1583 390 1665 ὃς
410 1580 623 1664 lantmeterus
643 1582 699 1668 μὲν
719 1580 875 1669 ἁλιτήριος
935 1626 938 1634 =

350 1688 502 1774 περὶτῶν
521 1687 692 1775 μετεώρων,
712 1687 804 1758 τὰδὲ
823 1695 963 1777 χαμᾶθεν
983 1689 1087 1758 ἐσθίει.

121 1867 169 1986 Ap
203 1815 377 1905 Legebatur
397 1816 553 1906 ἀλατήριος
574 1830 605 1885 et
629 1825 807 1908 χθαμᾶθεν,
831 1843 906 1910 quae
927 1822 1059 1888 correxit
1073 1821 1230 1888 Porsonus

170 1944 198 1987 v.
242 1971 249 1987 .
272 1927 292 1989 'l
315 1973 323 1989 .
1039 1963 1045 1970 ·
1073 1933 1082 1944 “

200 1925 356 2096 Flbllurltur
378 2031 436 2096 viri
457 2031 546 2117 docti,
569 2031 733 2100 Runkelius
749 2031 893 2099 Pherecr.
917 2046 947 2098 et
960 2032 1065 2118 Eupol.
1087 2034 1176 2119 srgm.
1199 2056 1228 2120 p.

120 2135 191 2220 126,
215 2133 312 2201 Lucas
334 2136 454 2204 dissert.
477 2159 505 2225 p.
529 2141 601 2226 103,
623 2139 774 2226 Bergkius
796 2151 950 2206 comment.
972 2139 1076 2225 p.103
1099 2147 1129 2204 ct
1149 2140 1228 2205 Mei-

119 2241 226 2305 nelius
248 2263 277 2326 p.
298 2243 372 2331 490,
395 2245 445 2330 qui
465 2244 540 2309 miro
562 2267 709 2310 consensu
736 2245 793 2309 bos
815 2245 888 2309 duos
910 2244 1073 2309 versiculos
1094 2267 1157 2310 oum
1179 2269 1229 2312 su-

118 2347 239 2431 periore
264 2348 349 2434 quasi
370 2372 411 2413 ex
431 2348 569 2437 Diogene
590 2348 714 2415 Laertio
737 2362 869 2434 sumptos
890 2350 998 2435 citant,
1023 2371 1097 2434 quos
1118 2349 1231 2416 frustra

116 2451 158 2517 ibi
178 2453 363 2540 investigare
386 2457 514 2520 coneris.

139 2661 142 2672 Ι
198 2573 233 2640 In
254 2577 351 2642 medio
373 2579 466 2667 igitur
488 2594 534 2644 est
555 2577 791 2663 relinquendum,
815 2589 910 2642 unum
932 2590 995 2642 tres
1024 2575 1067 2640 illi
1088 2576 1227 2642 versiculi

123 2682 183 2746 siut
203 2684 405 2770 continuandi,
430 2707 536 2770 necne,
560 2683 637 2770 quod
660 2682 732 2746 mibi
753 2682 871 2747 videtur
890 2681 1144 2748 verisimillimum.

102 2849 107 2858 -
198 2806 281 2873 Voce
298 2803 453 2890 ἁλιτήριος
473 2805 575 2890 procul
596 2803 683 2869 dubio
696 2801 820 2888 Eupolis
841 2802 971 2888 castigat
992 2805 1056 2888 ejus
1078 2805 1225 2871 nefariam

116 2909 292 2998 doctrinam,
315 2932 375 2998 qua
395 2933 429 2975 se
451 2909 572 2976 deorum
593 2909 738 2975 inimicum
766 2907 953 2975 exhibuerat.
1005 2907 1071 2986 Qua
1098 2909 1166 2994 ipsa
1187 2909 1225 2973 de

114 3037 223 3084 caussa
237 3017 364 3082 Athenis
376 3039 440 3082 eum
453 3039 521 3082 esse
536 3005 702 3105 expulsum,
725 3019 874 3080 testantur
889 3017 992 3081 Cicero
1015 3016 1051 3081 de
1065 3028 1127 3080 nat.
1140 3016 1225 3083 deor.
1330 3059 1336 3070 „

113 3122 128 3188 l
150 3146 174 3188 c.
196 3126 255 3210 233
284 3124 377 3212 Diog.
398 3121 502 3189 Laert.
524 3123 585 3208 IX,
609 3125 659 3189 52.
709 3120 908 3185 Conseruntur
930 3121 1039 3187 Suidas
1062 3144 1087 3186 s.
1105 3117 1225 3219 Ἆλιτῇ-

111 3255 180 3316 ριος
201 3247 232 3296 et
254 3231 302 3318 qui
325 3231 474 3316 copiosius
496 3231 533 3294 de
554 3228 636 3293 vocis
659 3227 778 3313 origine
800 3226 932 3313 disputat
953 3229 1047 3293 schol.
1070 3228 1109 3293 ad
1123 3230 1222 3315 Equit.

112 3360 141 3402 v.
163 3339 236 3404 445.

196 3442 346 3523 Observa,
371 3459 457 3526 quam
477 3438 574 3502 laceto
596 3437 720 3522 Eupolis
752 3446 885 3524 opponat
908 3433 1129 3518 ἀλαζονεύεθαι
1154 3439 1224 3522 περὶ

111 3550 175 3614 τῶν
192 3543 352 3631 μετεώρων
374 3559 404 3610 et
423 3541 462 3610 τὰ
482 3547 622 3629 χαμᾶθεν
641 3541 764 3608 ἐσθίειν.
812 3543 875 3608 Illis
895 3545 996 3610 verbis
1018 3543 1222 3633 Protagoram

111 3653 250 3718 describit
275 3662 307 3718 ut
332 3673 440 3717 vanum
469 3649 631 3716 sublimium
657 3672 756 3716 rerum
779 3649 1027 3736 disceptatorem,
1056 3635 1106 3715 his
1130 3651 1220 3716 casti·

111 3770 167 3845 gat
190 3777 254 3822 eum
274 3772 306 3823 ut
325 3759 472 3825 bominem
503 3778 651 3823 voracem.
703 3758 773 3822 Cum
801 3756 929 3821 dictione
953 3753 1035 3836 atat
1063 3755 1132 3842 περὶ
1158 3758 1223 3822 τῶν

107 3887 171 3950 μετ.
185 3882 363 3949 conponere
372 3865 489 3949 juvabit
501 3848 596 3930 uerba
607 3859 877 3947 μετεωροφένακας
890 3860 997 3940 (Arist.
1003 3863 1032 3929 N
1033 3864 1080 3928 ub.
1093 3886 1122 3928 v.
1134 3863 1220 3945 333),

107 3965 393 4058 μετεωροσοφωτάς
415 3970 500 4052 (ibid.
521 3993 551 4036 v.
570 3972 645 4050 360)
668 3983 699 4034 et
720 3964 961 4054 μετεωρολέσχας
983 3969 1059 4049 (vid.
1073 3969 1219 4036 Fritrscb.

111 4078 235 4155 Quaest.
247 4075 341 4141 Arist
362 4096 392 4162 p.
416 4076 477 4144 128
497 4078 573 4162 sup),
596 4077 699 4162 quibus
720 4074 821 4139 verbis
842 4074 935 4138 lonici
955 4075 1138 4164 philosophi,
1162 4095 1218 4140 ua·

108 4185 245 4252 toralium
257 4203 356 4252 rerum
376 4181 587 4268 indagatores,
609 4182 712 4268 quales
733 4181 852 4250 fuerunt
871 4179 992 4248 lonicae
1014 4193 1113 4248 sectae
1135 4181 1218 4267 prin-
