2938 4896
677 400 934 476 462&

250 590 308 660 τὸν
334 584 491 676 παρόντ’,
519 584 681 674 ἀφανίζων
706 585 830 675 πονηρὰ
856 586 1026 674 σκώμματα
1052 585 1224 652 scholiasta·
1244 597 1295 648 aut
1321 582 1358 648 ad

250 698 405 786 Eupolidis
417 696 609 780 Prospaltios
630 695 740 762 referri
760 697 833 783 vult,
857 710 908 762 aut
927 695 967 760 ad
987 692 1144 778 Hermippi
1165 689 1357 776 comoediam,

250 827 337 894 quam
359 827 396 869 ue
418 803 583 868 nomimavit
604 802 731 888 quidem.
775 801 835 879 Qui
855 816 887 866 ut
914 800 953 866 ud
975 799 1167 885 Hermippum
1190 798 1357 882 aberraret,

249 913 350 978 unicus
372 931 478 974 versus
499 909 607 975 ibidem
620 913 682 976 557
702 909 732 972 in
755 929 847 974 ouuuu
866 909 931 974 fuit.
973 907 1014 972 lt
1034 904 1180 992 quomodo
1194 903 1357 989 comoedia,

250 1021 332 1104 cnjus
355 1025 439 1081 autor
458 1015 630 1081 notissimus
653 1028 753 1100 esset,
782 1016 850 1100 ipsa
881 1013 975 1099 potuit
995 1012 1112 1098 penitus
1134 1011 1241 1098 ignota
1269 1009 1357 1074 esse?

250 1124 325 1189 Tum
346 1123 422 1188 baeu
442 1122 602 1208 parabasis
623 1121 789 1207 Eupolideo
820 1131 915 1189 metro
938 1119 1051 1205 soipta
1076 1131 1124 1182 est
1144 1118 1238 1204 ipsius
1258 1117 1357 1201 Eupo-

248 1232 316 1298 lidis
338 1248 441 1314 eausa,
464 1228 514 1314 qui
535 1250 565 1292 v.
588 1228 649 1294 553
670 1248 735 1312 sqq.
758 1227 951 1292 acerbissime
972 1224 1147 1312 castigator.
1176 1221 1298 1288 Huic
1273 1243 1358 1288 rixae

248 1339 373 1426 primum
389 1335 526 1420 Equites,
549 1333 578 1397 id
602 1333 679 1419 quod
700 1333 730 1396 in
754 1331 1057 1417 Quaesitdristopb.
1081 1351 1108 1417 p.
1124 1331 1185 1398 144
1205 1344 1236 1394 et
1256 1351 1286 1416 p.
1299 1332 1403 1398 227

248 1443 379 1527 ostendi,
402 1440 558 1505 materiam
573 1433 729 1524 dederant,
753 1451 811 1502 tum
828 1437 918 1503 etiam
930 1433 1012 1524 Pax,
1036 1437 1081 1502 oui
1102 1437 1259 1523 superiore
1280 1453 1357 1501 auno

246 1545 379 1638 praelati
408 1553 495 1613 erunt
524 1541 678 1632 Eupolidis
707 1539 898 1610 Adulntores.
942 1543 1057 1622 Quare*
1071 1559 1180 1609 sersus
1206 1541 1269 1610 537
1294 1541 1360 1628 ἥτις

179 1695 183 1698 -
247 1659 357 1739 πρῶτα
368 1645 469 1738 plv-
482 1651 543 1720 543
555 1645 626 1718 odd'
650 1648 703 1718 lud
714 1645 764 1718 lob
777 1656 837 1741 βοᾷ
850 1653 880 1716 iu
894 1671 979 1716 nuum
993 1647 1122 1738 Eupolis
1138 1667 1240 1715 omnes
1259 1651 1358 1716 dionis

248 1777 307 1848 tur,
330 1758 509 1848 praesertim
532 1779 617 1845 quum
638 1777 667 1822 v.
690 1759 752 1826 540
774 1760 868 1824 verba
888 1755 1112 1844 odobudpdux'
1141 1759 1282 1824 εἵλκυσεν
1306 1777 1358 1823 ue*

246 1865 382 1933 'cessario
406 1865 445 1931 nd
466 1863 620 1950 Eupolidis
641 1860 784 1930 Maricam
814 1875 969 1953 spectent,
991 1872 1022 1930 ui
1044 1884 1061 1930 e
1082 1885 1112 1929 v.
1134 1867 1195 1932 555
1225 1877 1358 1951 apparet

248 1973 355 2060 Itaque
376 1974 470 2039 verba
493 1965 567 2038 οὐδὲ
587 1971 757 2057 πρεσβιὴης
778 2009 820 2022 —-
840 1971 1009 2057 σκώμματα
1030 1972 1069 2037 'ad
1091 1971 1244 2058 Eupolidis
1265 1971 1360 2037 Pros-

247 2081 358 2168 paltios
379 2079 542 2145 referenda
564 2081 683 2165 sunt,*)
719 2077 749 2143 id
771 2075 849 2164 qnod
869 2091 950 2144 reete
972 2078 1197 2164 sumendorum,
1225 2093 1285 2141 uno
1305 2079 1359 2143 oe

247 2196 450 2254 monstrarunt
460 2171 614 2271 Beuglrius
626 2181 726 2270 dutiq.
738 2179 820 2249 Com.
833 2205 863 2272 p.
877 2183 939 2253 358
952 2172 1041 2272 atque
1052 2184 1221 2250 Meiuekius
1235 2184 1359 2272 Fragor

247 2293 329 2359 Gom.
351 2289 390 2357 ll.
412 2289 427 2355 l
448 2307 474 2376 p.
496 2287 570 2377 522,
593 2307 719 2376 quocum¹
736 2285 773 2356 ri.
795 2285 910 2356 Histoi.
932 2313 973 2358 ur.
995 2309 1025 2380 p.
1044 2291 1096 2359 91:
1138 2289 1173 2354 lu
1202 2307 1239 2355 eo
1261 2305 1360 2360 ιιιιιι

245 2397 278 2466 1ιί
300 2395 444 2464 duumviri
464 2386 626 2484 falluntur,
651 2397 728 2483 quod
750 2397 967 2463 Simermouem
990 2393 1144 2483 Hermippi
1172 2400 1222 2484 (nt
1243 2401 1358 2488 potunt)

247 2515 376 2571 actorem
398 2517 503 2568 nostro
525 2502 591 2566 loco
609 2519 649 2566 ue
672 2499 728 2567 dici
751 2499 866 2590 quidem
889 2497 1056 2591 opinantur.
1078 2500 1118 2569 lt
1139 2503 1207 2590 quin
1228 2502 1361 2591 dllpoou

247 2609 329 2696 τᾶπη
350 2605 497 2675 Simerrnu
517 2603 621 2692 fuerit,
645 2625 741 2694 oeque
761 2605 920 2674 dubitatum
944 2619 991 2675 est
1011 2629 1156 2696 uuquam,
1186 2631 1282 2698 neque
1303 2631 1359 2702 po-

101 2782 106 2792 ,
246 2718 301 2783 tuit
322 2713 460 2801 dubitari,
484 2714 700 2801 verissimeque
723 2733 782 2803 ego
805 2715 835 2780 iu
856 2713 939 2781 dotis
960 2717 980 2781 l.
994 2717 1015 2781 l.
1030 2736 1060 2802 p.
1082 2714 1141 2784 129
1162 2715 1226 2782 dixi
1242 2719 1358 2786 Simer

246 2825 342 2889 monis
363 2839 524 2909 personam
547 2817 586 2884 ad
606 2820 682 2885 huno
701 2821 796 2906 ipsum
817 2823 911 2886 locum
932 2815 1105 2887 necessario
1127 2834 1284 2914 spumare,
1306 2849 1359 2894 ro·

245 2925 327 3017 liqna
347 2929 425 2994 enim
448 2925 548 2990 omnia
569 2925 642 2990 nihil
664 2925 792 2993 attinere
816 2929 853 2994 ad
877 2927 1060 2992 histrionem.

327 3068 442 3134 Rursus
464 3068 495 3130 iu
518 3088 554 3131 eo
578 3087 663 3152 quum
686 3088 745 3154 ogo
764 3068 829 3154 ipse
851 3068 870 3133 l.
884 3067 904 3132 l.
927 3081 986 3132 ιιιιιι
998 3059 1170 3130 llindorlius
1185 3059 1231 3131 lll
1251 3088 1281 3156 p
1301 3069 1362 3138 154

246 3172 429 3258 erravimus,
454 3172 531 3257 quod
556 3170 703 3236 Simormo
726 3174 770 3238 ita
789 3175 876 3240 uobis
903 3172 960 3238 diui
988 3172 1071 3238 visus
1101 3186 1148 3236 est
1175 3183 1277 3261 utpote
1308 3181 1359 3241 ac'-

238 3294 294 3345 -tor
320 3275 488 3364 Hermippi.
538 3276 631 3344 Immo
661 3277 808 3342 Simermo
840 3293 898 3344 tum
920 3301 980 3343 uon
1012 3273 1170 3368 Hermippi
1191 3294 1275 3345 actor
1290 3279 1359 3370 fuit,
1460 3337 1461 3348 .

244 3385 299 3450 sed
326 3382 491 3469 Eupolidis.
535 3383 621 3477 Quae
651 3404 736 3472 quum
763 3383 807 3449 ita
836 3384 913 3472 siut,
943 3383 1091 3449 Simermo
1120 3374 1227 3472 egerat
1255 3381 1360 3474 Eupo-

244 3489 312 3554 lidis
345 3488 547 3576 Prospaltios
597 3489 714 3610 Nempe
746 3489 853 3554 scholii
880 3510 1015 3576 paunus,
1044 3512 1124 3615 qup
1137 3511 1240 3555 omues
1272 3493 1362 3560 varie

244 3594 361 3682 decepti
381 3615 494 3678 sumus,
516 3595 564 3659 bio
594 3609 641 3660 ost
673 3595 704 3657 iu
734 3595 799 3693 cpd.
822 3595 979 3684 Parisino,
1000 3589 1095 3662 τουιό
1116 3613 1194 3682 φησι
1221 3593 1334 3662 dud
1301 3624 1363 3666 τον

240 3699 419 3786 Ἕρμιππον
438 3693 543 3766 καὶ
511 3722 568 3764 τον
588 3695 827 3782 Σιμὲρμωνα
797 3724 855 3770 τον
874 3700 990 3769 τούτου
1006 3695 1186 3790 ὗιιοκριτιιν.
1210 3701 1366 3782 Quantum
1435 3704 1461 3728 ²

242 3807 290 3874 his
301 3808 399 3896 ungis
422 3805 606 3872 tribuendum
628 3806 679 3893 sit,
702 3806 790 3871 facile
802 3810 961 3898 apparebit
981 3805 1106 3877 esebol.
1122 3807 1210 3919 (laio.¹
1220 3809 1240 3878 3
1252 3811 1367 3900 σιμέρ-

248 3962 554 3986 Qut-*n*

311 4060 340 4124 “)
356 4057 413 4112 siin
432 4056 487 4114 loeo
505 4056 648 4126 senodum,
668 4057 735 4112 intur
751 4057 951 4128 proponimus
968 4071 1090 4131 personas
1105 4061 1240 4127 Eorundem
1265 4064 1367 4134 fnisse,

242 4141 326 4281 :plppp
341 4139 415 4276 epppo
440 4139 620 4244 Aristophanis
644 4140 724 4197 verbu
747 4140 796 4194 τὸν
821 4139 934 4210 παρόντ’
958 4143 1042 4198 rideri
1069 4143 1104 4198 sd
1130 4139 1262 4201 llernnlrro
1290 4150 1368 4202 rose-
