2938 4896
667 395 822 474 «affl
869 415 923 458 a»

324 587 602 658 TumisAotisl.l.
622 599 705 654 reete
726 588 802 675 dixi,
824 589 912 673 hnjns
933 587 1215 675 ipsinsHermonis
1238 590 1275 654 ds
1297 609 1355 673 qno

241 700 425 790 quaerimus,
446 695 626 760 montionem
646 695 755 760 laetam
776 715 847 760 osse
867 715 888 758 a
908 695 1032 760 Pollsoe
1051 694 1108 780 lv,
1128 697 1174 766 88
1193 697 1237 760 m
1256 692 1290 759 ol
1310 696 1359 760 dei

240 806 383 894 ἆγλενκεῑ
402 801 471 869 ὄντι
492 803 552 887 (ita
573 801 774 884 scrihendsm)
795 805 840 890 τῷ
854 797 980 888 ὀργάνῳ
992 803 1160 885 παραμίξαι
1178 801 1356 885 pimenionem

122 947 132 964 ,
241 899 610 998 ωιοριας-Ἕρμωνῆν
627 909 793 996 κωμῳδίας
808 904 985 992 ὑκοκριτής·
1005 905 1111 992 λαχὼν
1132 907 1167 974 δὲ
1186 907 1262 991 perci
1281 913 1355 973 mol

239 1019 409 1106 ands-ep
430 1014 573 1099 σάλπιγγι
583 1011 660 1091 τοὺς
671 1013 845 1099 ἀγωνιστὰς
858 1012 1032 1080 ἀνακαλεῖν.
1054 1015 1169 1100 Nempe
1184 1016 1353 1102 comoedia,

241 1149 328 1217 qnam
349 1137 409 1192 inm
431 1124 544 1190 Hermo
567 1123 755 1210 agehalpex
775 1121 870 1186 trihus
891 1145 950 1187 non
972 1123 1070 1210 prima
1097 1133 1164 1187 erat
1189 1123 1295 1186 ordine
1321 1143 1357 1186 ae

241 1249 324 1302 sorte
348 1234 397 1319 (nt
412 1229 640 1296 Eodesianssas
659 1249 689 1292 v.
707 1229 816 1314 1159),
840 1249 941 1294 verum
952 1229 1084 1294 sensnds
1103 1229 1152 1294 vel
1171 1229 1272 1292 tertia.
1295 1225 1357 1292 Sed

241 1364 328 1430 quum
350 1341 465 1428 primae
487 1335 661 1420 comoediae
679 1347 802 1423 'amores
824 1335 984 1418 improbati
1005 1349 1126 1421 essent,
1149 1333 1283 1421 Hermo,
1307 1335 1356 1420 qni

239 1475 259 1515 e
279 1450 398 1513 theatro
422 1445 557 1525 abierat,
579 1440 665 1504 eitius
686 1439 828 1525 opinione
857 1450 1063 1532 evomisset,
1087 1463 1172 1526 mum
1194 1464 1256 1506 non
1276 1461 1356 1506 oom-

239 1537 404 1644 p'sruisset,
426 1549 545 1638 punitus
567 1563 623 1612 est.
667 1547 753 1611 Haec
774 1561 823 1610 est
843 1549 920 1610 enim
943 1547 1093 1610 sententia
1113 1546 1263 1633 Pollucis,
1298 1567 1358 1633 qus

241 1681 301 1727 non
331 1658 484 1724 intellecta
510 1655 670 1722 Knehnins
698 1653 880 1718 Hermonem
908 1655 1148 1739 pentagonistam
1181 1663 1295 1720 temere
1327 1657 1371 1720 in·

238 1767 394 1833 tertiarum
415 1763 591 1828 histrionem
612 1760 747 1824 mutavit.

322 1938 494 2004 Praeterea
515 1935 591 2000 duae
613 1956 716 2000 senum
739 1953 888 2020 personae
910 1933 940 1998 in
968 1955 1048 1998 nova
1069 1936 1223 2001 comoedia
1248 1959 1357 2002 nomen

238 2039 577 2128 habehant‘lippnivetos
589 2038 1153 2130 et‘Eppolvmondmitepogll'olluxIV‚
1166 2047 1356 2124 143-145).
1467 2017 1468 2050 ¹

242 2151 339 2230 Quam
366 2163 520 2234 utramque
548 2167 710 2233 personam
747 2165 766 2210 a
794 2158 897 2230 nostro
925 2145 1079 2212 Hermone
1113 2159 1213 2215 actore
1246 2173 1355 2219 nomen

239 2256 363 2324 duxime
384 2276 468 2321 snum
486 2254 602 2340 jamin
629 2251 711 2318 Actis
732 2252 753 2316 l.
777 2252 797 2317 l.
821 2272 849 2338 p.
879 2251 1094 2342 mesonpa,
1122 2258 1272 2322 sententia
1299 2259 1354 2323 ad-

239 2363 356 2456 modum
379 2360 535 2450 probabili.
578 2359 721 2442 Proleeto
744 2343 828 2424 venim
852 2371 956 2423 noster
977 2360 1091 2426 Hermo
1118 2382 1208 2428 senes
1237 2363 1356 2430 videtur

240 2470 397 2558 praeclare
425 2468 545 2554 egisse,
579 2465 696 2552 quando
723 2479 755 2530 et
779 2466 810 2528 in
836 2464 992 2551 Eupolidis
1020 2463 1203 2551 Prospaltiis
1231 2471 1355 2536 senilem

237 2594 399 2663 personam
420 2583 596 2657 susceperat
626 2570 719 2656 (Nuh.
749 2593 777 2634 v.
800 2571 859 2638 541
882 2569 1054 2656 πρεσβύτης
1081 2567 1220 2666 ‹ils'pmo
1246 2573 1353 2662 τᾶπη),

238 2693 269 2745 et
291 2702 363 2746 vero
386 2678 476 2742 etiam
497 2677 529 2741 in
550 2675 763 2764 Aristophanis
785 2675 866 2740 Pane
890 2697 991 2748 senem
1021 2678 1085 2764 egit
1106 2662 1280 2768 Trygaeum
1308 2686 1354 2770 (n.

237 2787 328 2872 825).
369 2785 437 2852 Huc
457 2784 582 2869 aceedit,
606 2783 684 2870 quod
705 2783 834 2848 Maeson
856 2782 922 2867 ipse
951 2784 1042 2850 etiam
1069 2786 1243 2852 comoediae
1272 2804 1357 2856 actor

145 2943 151 2963 .
239 2893 314 2960 duas
336 2912 435 2958 novae
458 2889 631 2954 comoediae
654 2909 802 2974 personas
831 2887 967 2953 similiter
995 2890 1126 2978 invenit,
1158 2913 1280 2978 quarum
1311 2898 1355 2960 al-

236 3011 304 3066 tera
324 2996 473 3080 θεράπων
493 2997 641 3074 Μαίσων,
665 2993 762 3058 altera
787 2990 932 3078 palpamen
943 2999 1082 3061 Μαίσων
1094 2997 1247 3065 dioehatur
1270 3002 1355 3084 (vide

237 3103 471 3190 Aristophanem
501 3124 549 3187 gr.
581 3120 632 3186 ap.
657 3099 766 3164 Athen.
797 3099 871 3166 XIV
898 3121 927 3187 p.
951 3102 1035 3169 6591)
1066 3104 1163 3189 ihiqne
1194 3103 1353 3194 Schweig-

195 3278 197 3296 .
236 3211 416 3276 haeuserum
446 3206 505 3273 vll
534 3227 562 3294 p.
590 3195 697 3290 655).Ὶ
737 3206 905 3291 Respondit
931 3208 1003 3273 mihi
1035 3208 1204 3280 Meinekius
1232 3210 1351 3278 Hister.

238 3315 318 3384 Com.
342 3336 372 3401 p.
394 3315 474 3399 562,
498 3314 642 3378 incertum
664 3334 753 3398 esse,
785 3333 823 3378 an
846 3312 960 3379 Hermo
986 3335 1184 3400 personarum
1211 3317 1353 3384 inventor

236 3435 267 3486 et
295 3419 556 3486 oomicus‘histrio
585 3441 640 3506 pro
670 3441 727 3484 uno
751 3419 913 3504 eodemque
944 3419 1009 3484 viro
1033 3420 1187 3488 habendus
1210 3425 1268 3509 sit,
1303 3439 1351 3489 at·
1417 3439 1422 3446 '

236 3548 292 3613 que
315 3526 392 3592 adeo
415 3525 529 3594 frustra
552 3526 674 3612 quaeri,
698 3525 774 3590 unde
797 3525 855 3590 hae
884 3545 1035 3614 personae
1060 3549 1168 3593 nomeu
1199 3530 1351 3597 duxerint.

233 3631 273 3700 At
303 3629 485 3698 sententiae
503 3651 590 3694 meae
619 3630 844 3716 haudquaquam
870 3640 1021 3718 repugnat
1053 3633 1154 3722 loeus',
1191 3659 1247 3722 qno
1270 3637 1351 3704 lllei-

233 3740 341 3805 nehius
377 3738 480 3823 utitur,
517 3735 648 3822 Etymol.
682 3735 723 3800 M.
760 3757 791 3822 p.
821 3737 902 3823 376,
939 3740 982 3806 48
1015 3733 1186 3824 ‘Epponinae
1228 3761 1354 3830 προσω.

234 3851 305 3910 πεῖν
326 3841 410 3910 οὕτω
432 3840 609 3927 καλούμενα
629 3837 715 3922 ποιὰ,
738 3836 800 3907 ἀπὸ
811 3839 976 3930 Ἕρμωνος
1001 3847 1058 3909 τοῦ
1079 3851 1204 3929 πρῶτον
1234 3851 1353 3915 εἰκονί-

233 3965 346 4026 omno
372 3985 424 4014 -.
467 3948 532 4014 Nos
567 3969 641 4013 vero
670 3947 860 4033 conjecturae
896 3947 1039 4014 addamus
1075 3953 1274 4037 conjecturam
1305 3972 1349 4043 et,
1460 4027 1461 4038 p

231 4057 370 4144 qnoniam
392 4068 526 4139 tempora
548 4054 626 4118 hene
649 4054 839 4139 conveniunt,
862 4074 1011 4120 sumamus
1034 4067 1173 4122 anostro
1192 4058 1351 4125 Hermone

230 4172 332 4230 soture
365 4160 474 4225 comico
510 4181 569 4224 non
601 4159 750 4226 diversum
786 4157 880 4225 luisse
907 4159 1091 4236 Hermonem
1118 4161 1349 4256 Atheniensem,
