2938 4896
519 429 778 498 ‹olas›

175 629 268 705 Quum
291 623 381 710 igitur
402 632 461 686 ten
484 620 577 684 male
584 633 717 686 moratus
740 629 823 684 esset
844 619 982 702 Callias,
992 639 1077 704 quem
1104 619 1203 704 paullo

91 733 162 800 ante
173 746 308 852 patenna
329 723 409 794 belua
431 725 532 792 adisse
554 740 639 813 patet
660 739 700 790 etr
720 725 829 790 Athen.
846 723 930 811 Vp.
952 725 1026 810 218,
1048 726 1079 810 b,
1103 725 1203 812 Eupo-

90 843 148 924 lis,
181 833 344 903 acerrimus
363 834 414 899 ille
436 831 506 896 aevi
536 833 581 896 sui
604 833 787 920 castigator,
817 833 847 894 in
870 829 993 895 Galliam
1018 826 1205 917 potissimum

91 889 211 1032 scripsit
230 943 360 1007 fabulam
392 935 604 1028 „Kotaxug“
639 951 764 1024 euunpue
790 937 932 1001 oontdciis
965 935 1113 1023 dictisque
1130 954 1205 1023 p-er

91 1051 217 1116 striumlt'
234 1047 410 1114 salsissimis
429 1043 540 1130 populo
561 1044 732 1130 plaudente.
774 1043 861 1110 ”Nam
882 1041 1038 1130 Eupolidis
1059 1040 1204 1106 Adula'to·

90 1153 142 1220 ιιι
159 1157 198 1219 in
206 1155 312 1219 cattis
324 1147 716 1238 exagitandol’potissimum
736 1158 975 1214 vematamesse
984 1147 1100 1212 ’tutem
1112 1147 1205 1212 Atte-

90 1260 302 1344 naeu's''lllp.
324 1259 397 1342 506,
421 1255 437 1319 f
459 1253 663 1320 et'schol.'ad
684 1253 817 1344 dvcsxv.
837 1253 922 1322 284st
986 1275 989 1286 ’
1083 1283 1086 1292 ·
1143 1269 1146 1278 ⁴
1186 1276 1189 1293 ·

176 1365 282 1429 Totius
303 1364 423 1428 famulae
445 1359 661 1444 oeconomiam,
687 1361 782 1446 qualis
803 1359 914 1446 fuerit,
936 1371 1072 1442 accurato
1094 1361 1206 1425 descrit

93 1474 167 1535 ltere
183 1471 240 1534 uix
261 1470 395 1555 cuiquam
417 1469 580 1554 continget.
623 1465 761 1530 Attamen
775 1489 795 1528 e
812 1467 914 1552 paucis
935 1466 1115 1552 fragmentis
1137 1488 1207 1528 con·
1275 1504 1279 1514 x

86 1571 182 1662 jicere
198 1576 277 1660 licet,
300 1588 421 1661 poetam
432 1595 498 1638 rem
515 1575 559 1636 sic
569 1573 748 1658 instituisse,
765 1581 798 1638 ut
810 1573 893 1636 initio
910 1571 1033 1636 Calliam
1049 1573 1079 1634 in
1095 1591 1209 1635 summa

93 1687 221 1747 onmium
233 1701 331 1744 rerum
350 1678 532 1744 abundantia
544 1692 728 1763 versantem,
751 1697 862 1764 magno
884 1678 1070 1742 adulatorum
1093 1693 1124 1741 et
1144 1700 1206 1742 me-

92 1787 231 1853 retricum
254 1785 392 1848 examine
414 1782 617 1849 circumfusum
638 1785 809 1870 induceret,
843 1797 952 1870 postea
976 1797 1074 1848 autem
1104 1784 1208 1848 adula-

93 1903 190 1958 torum
218 1888 381 1954 insatiabili
403 1890 482 1954 fame
505 1903 593 1975 atque
614 1890 729 1976 rapinis
752 1890 938 1974 maximeque
968 1889 1062 1975 ipsius
1083 1889 1208 1953 nefariis

92 1998 261 2063 libidinibus
280 1995 418 2089 ,fingeret
437 2017 473 2058 eo
502 1994 673 2078 redactum,
704 2001 736 2058 ut
762 1995 793 2057 in
815 2003 952 2060 extrema
978 1994 1080 2059 fabula
1111 1996 1210 2058 omnia
1306 2013 1310 2024 ·

93 2105 133 2168 ad
154 2122 254 2168 assem
277 2089 441 2188 perderet·
456 2099 573 2186 Nempe
588 2101 713 2186 Eupolis
735 2099 826 2164 facile
843 2096 1048 2186 praeviderat,
1072 2099 1208 2185 Galliam,

95 2210 144 2294 qui
165 2207 260 2272 'semet
280 2208 347 2294 ipse
369 2206 525 2292 perditum.
547 2207 623 2291 iret,
640 2206 713 2269 “nisi
736 2201 822 2272 brevi
852 2206 891 2270 ad
913 2202 1072 2272 meliorem
1093 2205 1210 2294 frugem

94 2313 238 2398 redisset,
261 2331 333 2375 mox
354 2311 467 2374 divitiis
495 2311 556 2374 suis
585 2331 648 2373 cum
675 2311 822 2374 dedecore
841 2307 955 2374 ¹effusis
983 2312 1111 2376 futurum
1130 2335 1209 2390 ¹esse

96 2418 309 2482 miserrimum·
324 2469 327 2472 .
345 2417 452 2502 Neque
465 2437 549 2494 ‚vero
569 2413 660 2502 poeta
681 2411 822 2480 disertius
844 2417 872 2479 ei
894 2417 1022 2506 spadere
1044 2419 1157 2505 potuit,
1180 2431 1211 2481 ut
1253 2399 1256 2406 Δ

94 2524 187 2587 vitam
208 2532 350 2608 mutaret,
374 2521 545 2586 adulatores
567 2543 603 2587 ac
623 2523 797 2587 meretrices
819 2541 863 2586 ex
881 2524 1004 2586 aedibus
1027 2521 1149 2608 ejiceret
1163 2537 1210 2604 at·

96 2649 153 2713 que
172 2627 286 2692 divitiis
315 2628 429 2693 modice
457 2627 501 2690 uti
529 2627 693 2716 inciperet,
730 2648 816 2714 quam
845 2629 873 2698 si
902 2641 995 2693 totam
1018 2630 1152 2695 fabulam
1179 2631 1211 2694 iu
1331 2650 1335 2657 ·

95 2734 362 2821 conscripsisset
401 2723 442 2798 At
460 2755 536 2798 uero
558 2733 682 2821 Eupolis
704 2735 793 2799 surdo
813 2734 946 2800 fabulam
968 2736 1114 2800 manauit
1136 2736 1210 2800 Ete-

94 2840 155 2904 nim
172 2839 298 2904 Calliam
319 2839 439 2902 minime
461 2837 536 2901 vitia
557 2860 612 2902 sua
633 2840 810 2925 deposuisse
831 2842 895 2906 vita
916 2843 980 2927 ejus
1002 2854 1138 2906 extrema
1159 2863 1210 2906 sa·

95 2945 134 3010 tis
154 2944 361 3030 demonstrat,
397 2965 482 3055 poem
508 2943 540 3006 iu
562 2963 675 3029 summa
695 2967 795 3010 rerum
820 2945 948 3033 penuria
975 2949 1122 3066 mortuum
1142 2969 1211 3012 esse-

96 3050 260 3170 scriptores
283 3065 406 3114 veteres
425 3071 547 3137 magno
557 3043 708 3115 consensu
727 3043 934 3120 oeciderunt

142 3155 348 3224 Praeterea
370 3156 525 3244 Eupolis
516 3179 548 3219 ιιι
568 3156 625 3220 hac
645 3154 750 3220 fabula
769 3155 840 3220 illud
862 3157 989 3247 studuit,
1011 3174 1044 3223 ut
1059 3159 1211 3226 nefariam

94 3263 244 3328 hominum
257 3275 388 3348 -pestem
416 3263 587 3348 castigaret
620 3261 798 3349 naviterque
829 3261 1010 3350 irrideret,¹
1024 3264 1209 3351 adulatores,

97 3369 147 3453 qui
163 3368 285 3431 divitum
304 3368 417 3431 mensis
433 3367 574 3432 inhiando
598 3379 629 3430 et
649 3367 863 3454 corrumpendo
876 3369 1011 3453 ,juvenes
1033 3370 1139 3434 victum
1154 3370 1213 3435 siti

97 3472 294 3557 quaerebant,
324 3492 446 3556 quorum
474 3472 533 3536 illis
560 3473 742 3560 temporibus
770 3474 897 3540 Athenis
926 3495 1076 3563 nagnam.
1096 3477 1212 3564 copiam

95 3577 189 3641 fuisse
210 3589 337 3640 tonsam.
381 3574 500 3642 Scilicet
520 3578 674 3665 parasitos
697 3575 810 3644 Galliae
833 3581 870 3645 ab
891 3581 1052 3668 Eupolide·
1064 3583 1136 3646 item
1158 3583 1211 3646 de}

96 3683 176 3747 risos
198 3703 277 3746 esse.
291 3703 377 3768 quum
399 3683 648 3773 aliiosteudunt,
672 3694 732 3751 tum
753 3686 957 3751 Philostratus
981 3688 1017 3752 V.
1051 3687 1146 3774 Soph.
1169 3687 1210 3773 ΙΙ,

96 3787 149 3872 25,
173 3808 231 3871 quo
252 3787 316 3851 loco
339 3798 458 3854 utuntur
478 3790 726 3858 Hemsterlmsms
747 3793 786 3856 ad
800 3793 931 3856 'Luciani
955 3792 1213 3864 trumentum

97 3906 127 3956 et
155 3890 385 3960 Lobeckiusiu
411 3894 627 3984 Aglaophamo
651 3917 681 3984 p.
714 3900 825 3965 1024..
851 3896 943 3962 Nam·
959 3898 1014 3961 hos
1036 3898 1212 3964 nebulones

97 3997 220 4064 callim
241 4000 340 4086 magis
362 4003 459 4084 etiam
475 4003 648 4089 corrupisse·
667 4019 867 4088 magnamque
889 4002 953 4087 ejus
976 4004 1118 4068 bonorum
1140 4027 1211 4092 par-

96 4117 154 4172 tem
178 4105 349 4176 comedisse.
366 4109 483 4172 abunde
504 4109 847 4194 testantmscriptores.

164 4210 257 4278 'dave
279 4221 379 4280 tamen
400 4213 519 4298 credas,
543 4233 686 4279 summam
707 4212 878 4279 fatuas-in
902 4235 938 4278 eo
961 4214 1089 4300 positam
1102 4215 1209 4303 fuisse,
