2938 4896
649 327 907 410 ‹0220ss

220 523 383 590 defendere
412 522 522 590 studuit
543 521 723 587 Meinehios.
775 520 920 607 Equidem
949 519 1025 584 hunc
1054 515 1148 584 lecum
1176 519 1349 585 solertiori

222 631 345 719 ingenio
370 630 408 698 ed
429 627 647 716 personandum
669 629 815 714 relinquo.

307 761 423 826 Deinde
445 761 472 826 si
493 782 612 825 sensum
633 759 821 845 respicimus,
843 759 897 825 vix
917 766 1018 844 polest
1038 756 1179 844 oehieri,
1202 757 1271 842 puin
1294 757 1350 822 hic

210 867 308 934 *locus
322 866 524 954 assignandus
544 866 584 930 sit
606 867 633 929 ei
655 865 776 932 fabulae
797 867 890 951 parti,
913 866 943 930 in
964 885 1024 950 que
1043 865 1151 928 choros
1172 863 1350 930 lautissima

227 973 341 1040 Calliae
363 974 503 1042 convivia
524 973 675 1040 describit.
719 974 771 1038 Sic
790 973 931 1057 θυμηδία
957 970 1063 1060 dictum
1091 984 1139 1036 est
1153 971 1204 1044 ¹de
1226 971 1352 1036 laetitia

208 1075 259 1146 'et
278 1080 432 1148 hilaritate
462 1080 652 1146 convivarum
683 1081 712 1146 in
734 1080 888 1148 Plutarch.
916 1080 1024 1165 Symp.
1044 1099 1074 1164 p.
1097 1079 1174 1145 μί13ι
1194 1073 1272 1144 ἀλλὰ
1290 1077 1351 1144 καὶ

228 1182 314 1266 ὅσοι,
341 1189 457 1271 πολλῆς
482 1184 517 1252 ἐν
544 1181 652 1263 αὐτοῖς
669 1182 883 1271 ,εὐφροσύνης
908 1184 962 1252 καί
987 1185 1145 1269 θυμηδίας
1171 1181 1349 1270 παρούσης,

226 1289 345 1372 ἔξωθεν
365 1291 489 1377 ἐπάγειν
510 1292 548 1388 νδ
568 1290 720 1376 rhome
744 1297 988 1378 φιλοτιμούιπιιι.
1041 1291 1127 1360 Adde
1156 1291 1266 1357 Athen.
1300 1290 1351 1356 XI

229 1419 260 1485 p.
282 1400 380 1484 ruho
401 1414 431 1464 et
451 1400 592 1472 Phocion
613 1420 643 1487 p·
661 1401 702 1470 97
726 1402 887 1486 Θυμηδίαε
908 1396 1023 1484 πλοίας,
1044 1395 1159 1483 τρυφή,
1182 1393 1349 1483 monach.

228 1523 230 1535 ’
270 1579 273 1586 «
314 1529 450 1596 Gerrhos
471 1525 501 1596 iu
524 1529 637 1596 dediciis
664 1551 834 1620 magnoque
861 1531 960 1618 pretio
982 1529 1109 1594 Athenis
1136 1528 1231 1594 foisse
1260 1529 1352 1594 docet

231 1634 349 1701 Athen.¹
362 1635 408 1701 ΙΙΙ
428 1655 458 1722 p.
473 1637 544 1721 104,
562 1661 579 1701 e
602 1651 633 1700 et
647 1638 763 1720 106411.
791 1637 875 1703 Inter
887 1637 1039 1724 pretiosos
1060 1635 1158 1721 pisces
1180 1635 1237 1699 fnit
1256 1636 1350 1699 etiem

230 1740 319 1826 δύαις
339 1741 390 1824 dol.
415 1743 509 1808 Arist.
530 1742 624 1829 Vesp.
648 1766 677 1808 v.
701 1745 792 1829 510),
814 1739 929 1829 dequo
950 1742 1033 1828 pisce
1061 1741 1190 1827 iniquius
1207 1739 1349 1826 judicium

233 1845 281 1914 est
301 1847 430 1914 lurconis
450 1846 595 1914 Dorionis
617 1850 698 1937 apud
715 1850 824 1915 Athen.
847 1848 919 1916 vlll
941 1869 970 1934 p.
993 1849 1066 1933 337,
1086 1848 1115 1913 d.

315 1975 398 2042 Voce
419 1979 566 2056 εἱλίποδες
588 1979 624 2044 de
645 1979 737 2045 hobus
759 1980 806 2044 usi
832 1988 900 2044 suut
926 1977 1076 2046 Homerus
1099 1963 1221 2064 θίγοι(
1238 2002 1269 2064 α,
1292 1979 1343 2062 92,

232 2082 385 2148 Hesiodus
406 2083 463 2150 Th.
484 2105 515 2150 v.
544 2085 617 2170 983,
641 2099 672 2149 et
693 2086 758 2163 siue
780 2085 965 2151 substantivo
987 2083 1165 2150 Theocritus
1185 2083 1267 2168 ldyll.
1289 2083 1346 2168 25,

234 2189 307 2257 131.
336 2187 449 2255 Nostro
470 2191 535 2255 loco
558 2191 732 2256 meretrices
755 2191 969 2276 intelligendae
990 2203 1070 2275 suot,
1094 2190 1132 2254 de
1154 2189 1254 2280 quihus
1273 2187 1345 2253 Ma-

235 2294 307 2360 xim.
331 2293 406 2384 Tyr.
421 2291 499 2382 XX,
523 2299 558 2364 7:
585 2291 676 2363 Ἀλλδι
696 2301 838 2364 Καλλίαν
857 2295 914 2381 μὲν
934 2293 968 2363 ἓν
989 2299 1169 2372 Διονυσίοις
1188 2293 1360 2394 Ιἐκωμςδδει

229 2398 377 2484 Ιδύπολις,
400 2399 527 2488 ίδιιύπην
548 2399 647 2488 ἄνδρα
666 2401 701 2470 ἐν
721 2407 904 2488 συμποσίοις
924 2400 1178 2487 κολακευόμενον,
1200 2401 1282 2470 ὅπου
1296 2403 1353 2486 τῆς

235 2509 398 2583 κολακείας
426 2506 462 2572 τὸ
484 2500 587 2591 ditior
607 2502 648 2595 ἦν
668 2509 789 2588 κύλικες
809 2511 862 2577 καὶ
884 2507 1000 2595 ἑταῖραι
1029 2507 1083 2576 καί
1103 2507 1193 2576 ἄλλαι
1213 2507 1355 2576 ταπειναί

237 2611 291 2683 καί
304 2609 553 2698 ἀνδραποδώδεις
566 2611 687 2702 ἡδοναί.
716 2617 921 2704 Conjecerem,
943 2617 1106 2684 hienimum
1123 2615 1247 2704 Tyrium
1260 2617 1356 2682 verbe

239 2719 384 2806 quaedam
405 2721 498 2808 ipsius
519 2719 674 2809 Eupolidis
696 2745 851 2811 servasse,
876 2724 913 2788 tul
936 2725 1087 2790 trimetros
1110 2723 1291 2812 redigenda,

587 2959 589 2966 ¹
658 2889 714 2974 τῆς
732 2852 893 2986 κολακείας
912 2878 1093 2972 τᾶθλονῆν
1149 2889 1153 2900 '

407 2991 539 3076 κύλικες,
561 2991 679 3080 ἑταῖραι
698 2987 968 3094 eo'urdpocrcodoidecc¹
988 2990 1110 3094 ἡδοναί,

223 3153 272 3241 in
294 3174 352 3238 pue
374 3155 515 3240 opinione
536 3177 585 3220 me
606 3154 800 3222 confirmabat
813 3151 926 3238 glossa'
947 3154 1112 3241 Phryrrichi
1133 3143 1212 3241 apud
1231 3153 1357 3218 Behke-

241 3281 306 3330 rum
327 3280 356 3345 p·
379 3260 432 3347 29,
457 3257 777 3346 11Ἀνδραποδεύδεις
799 3254 930 3346 ἡδοναί,
960 3261 997 3326 of.
1020 3261 1128 3330 ibidem
1150 3281 1179 3348 p.
1204 3261 1278 3346 393,
1302 3261 1357 3328 28.

243 3363 306 3430 Sed
321 3387 430 3440 venam
443 3369 537 3440 fluisse
554 3369 631 3436 hanc
648 3367 847 3453 conjectorem
868 3380 977 3452 postea
998 3367 1134 3438 intellexi
1155 3389 1194 3438 ex
1215 3389 1251 3432 eo
1275 3365 1357 3452 loco,

244 3492 330 3556 quem
362 3469 551 3559 Phrynichus
588 3488 657 3542 tute
686 3474 786 3544 oculos
822 3473 944 3557 hahuit,
978 3473 1118 3544 Platonis
1154 3473 1184 3537 in
1212 3471 1359 3536 Phaedro

245 3596 274 3662 p·
297 3578 359 3647 258
379 3572 404 3647 Ε
431 3579 495 3643 sive
517 3579 541 3647 Ι.
564 3579 578 3648 Ι
601 3600 629 3665 p.
657 3583 698 3648 64
727 3579 773 3644 ed.
795 3577 906 3662 Beue,
930 3579 978 3644 uhi
1006 3575 1075 3644 'vide
1104 3577 1298 3648 scholiastae
1327 3599 1360 3664 p.

245 3684 306 3754 316
327 3698 358 3749 et
379 3685 513 3772 inprimis
536 3683 739 3752 Heindorlium
760 3705 789 3770 p.
812 3684 873 3751 315
895 3683 942 3748 ed.
963 3683 1133 3750 Buttmann.

327 3813 374 3880 De
387 3815 518 3884 dictione
530 3824 675 3899 γιιναῑκες
695 3815 841 3894 εἱλίποδες
859 3813 939 3879 οοιιί.
955 3814 1089 3878 Pausen.
1112 3816 1200 3902 apud.
1219 3815 1360 3880 Eustath.

246 3920 285 3986 ed
307 3922 419 4008 Odyss.
443 3945 471 4009 p.
496 3923 588 4009 1391,
610 3925 663 4009 40,
679 3921 778 3988 .Suid.
801 3943 826 3986 s.
853 3917 1011 4005 percipere,
1037 3915 1182 4009 Hesych.'
1203 3922 1256 3987 suh
1283 3920 1362 4006 ipsis

246 4027 357 4092 veihis.
384 4065 426 4079 -
477 4030 547 4096 Com
574 4043 639 4094 toto
668 4030 839 4116 fragmento
869 4047 1011 4114 compare
1039 4029 1203 4116 Aristoph'
1226 4028 1360 4098 Acheru.

245 4155 275 4199 v.
299 4135 379 4206 1083
399 4149 465 4220 sqq.
