<?xml version="1.0" encoding="UTF-8"?>
<!DOCTYPE html PUBLIC "-//W3C//DTD XHTML 1.0 Transitional//EN"
    "http://www.w3.org/TR/xhtml1/DTD/xhtml1-transitional.dtd">
<html xmlns="http://www.w3.org/1999/xhtml" xml:lang="en" lang="en">
 <head>
  <title>
</title>
<meta http-equiv="Content-Type" content="text/html;charset=utf-8" />
  <meta name='ocr-system' content='tesseract 3.04.00' />
  <meta name='ocr-capabilities' content='ocr_page ocr_carea ocr_par ocr_line ocrx_word'/>
</head>
<body>
  <div class='ocr_page' id='page_1' title='image "./deeupolidisadul00eupogoog_0078.png"; bbox 0 0 2938 4896; ppageno 0'>
   <div class='ocr_carea' id='block_1_1' title="bbox 529 453 787 522">
    <p class='ocr_par' dir='ltr' id='par_1_1' title="bbox 529 453 787 522">
     <span class='ocr_line' id='line_1_1' title="bbox 529 453 787 522; baseline -0.012 -6"><span class='ocrx_word' id='word_1_1' title='bbox 529 453 787 522; x_wconf 47' lang='lat'><strong>4730&gt;-</strong></span> 
     </span>
    </p>
   </div>
   <div class='ocr_carea' id='block_1_2' title="bbox 597 755 712 838">
    <p class='ocr_par' dir='ltr' id='par_1_2' title="bbox 597 755 712 838">
     <span class='ocr_line' id='line_1_2' title="bbox 597 755 712 838; baseline -0.026 -2"><span class='ocrx_word' id='word_1_2' title='bbox 597 755 712 838; x_wconf 60' lang='lat' dir='ltr'><strong>HE</strong></span> 
     </span>
    </p>
   </div>
   <div class='ocr_carea' id='block_1_3' title="bbox 97 923 1213 1547">
    <p class='ocr_par' dir='ltr' id='par_1_3' title="bbox 97 923 1213 1547">
     <span class='ocr_line' id='line_1_3' title="bbox 109 923 1213 1016; baseline -0.001 -28"><span class='ocrx_word' id='word_1_3' title='bbox 109 982 123 988; x_wconf 90' lang='lat'><strong>-</strong></span> <span class='ocrx_word' id='word_1_4' title='bbox 182 927 273 992; x_wconf 83' lang='lat' dir='ltr'>Prior</span> <span class='ocrx_word' id='word_1_5' title='bbox 295 926 449 1012; x_wconf 78' lang='lat' dir='ltr'><strong>Eupolidis</strong></span> <span class='ocrx_word' id='word_1_6' title='bbox 472 949 577 992; x_wconf 87' lang='lat' dir='ltr'><strong>versus</strong></span> <span class='ocrx_word' id='word_1_7' title='bbox 600 927 678 1016; x_wconf 88' lang='lat' dir='ltr'><strong>apud</strong></span> <span class='ocrx_word' id='word_1_8' title='bbox 700 928 885 992; x_wconf 72' lang='lat' dir='ltr'><strong>Athenaeum</strong></span> <span class='ocrx_word' id='word_1_9' title='bbox 905 923 959 989; x_wconf 91' lang='lat' dir='ltr'><strong>llll</strong></span> <span class='ocrx_word' id='word_1_10' title='bbox 979 944 1006 1008; x_wconf 89' lang='lat' dir='ltr'><strong>p.</strong></span> <span class='ocrx_word' id='word_1_11' title='bbox 1029 925 1102 1009; x_wconf 80' lang='lat'><strong>328,</strong></span> <span class='ocrx_word' id='word_1_12' title='bbox 1126 927 1143 988; x_wconf 86' lang='lat' dir='ltr'><strong>o</strong></span> <span class='ocrx_word' id='word_1_13' title='bbox 1167 926 1213 988; x_wconf 85' lang='lat' dir='ltr'><strong>liic</strong></span> 
     </span>
     <span class='ocr_line' id='line_1_4' title="bbox 99 1029 1212 1120; baseline -0.004 -22"><span class='ocrx_word' id='word_1_14' title='bbox 99 1050 164 1120; x_wconf 54' lang='lat' dir='ltr'><strong>esta</strong></span> <span class='ocrx_word' id='word_1_15' title='bbox 207 1036 363 1119; x_wconf 81' lang='grc' dir='ltr'><strong><em>Δραχμῶν</em></strong></span> <span class='ocrx_word' id='word_1_16' title='bbox 385 1029 511 1116; x_wconf 42' lang='grc' dir='ltr'><strong><em>ἑκατόν,</em></strong></span> <span class='ocrx_word' id='word_1_17' title='bbox 527 1035 619 1118; x_wconf 70' lang='grc' dir='ltr'><strong><em>ἰχθῦς</em></strong></span> <span class='ocrx_word' id='word_1_18' title='bbox 650 1031 822 1117; x_wconf 82' lang='grc' dir='ltr'><strong><em>ἐωνημένος</em></strong></span> <span class='ocrx_word' id='word_1_19' title='bbox 845 1029 946 1114; x_wconf 90' lang='grc' dir='ltr'><strong><em>μόνον</em></strong></span> <span class='ocrx_word' id='word_1_20' title='bbox 978 1029 1212 1110; x_wconf 80' lang='lat' dir='ltr'>(Laurentianus</span> 
     </span>
     <span class='ocr_line' id='line_1_5' title="bbox 97 1133 1208 1226; baseline -0.006 -20"><span class='ocrx_word' id='word_1_21' title='bbox 97 1139 266 1226; x_wconf 78' lang='grc' dir='ltr'><strong><em>ἐωνημένοι</em></strong></span> <span class='ocrx_word' id='word_1_22' title='bbox 286 1139 411 1225; x_wconf 89' lang='grc' dir='ltr'><strong><em>μόνον).</em></strong></span> <span class='ocrx_word' id='word_1_23' title='bbox 436 1141 650 1226; x_wconf 79' lang='lat' dir='ltr'><strong>‘Coujecturae</strong></span> <span class='ocrx_word' id='word_1_24' title='bbox 672 1139 804 1204; x_wconf 83' lang='lat' dir='ltr'><strong>Porsoui</strong></span> <span class='ocrx_word' id='word_1_25' title='bbox 826 1133 964 1220; x_wconf 80' lang='grc' dir='ltr'><strong><em>ἐιόνημαι</em></strong></span> <span class='ocrx_word' id='word_1_26' title='bbox 984 1134 1085 1218; x_wconf 90' lang='grc' dir='ltr'><strong><em>μόνον</em></strong></span> <span class='ocrx_word' id='word_1_27' title='bbox 1106 1151 1136 1200; x_wconf 91' lang='lat' dir='ltr'><strong>et</strong></span> <span class='ocrx_word' id='word_1_28' title='bbox 1157 1137 1208 1200; x_wconf 85' lang='lat' dir='ltr'><strong>lu-</strong></span> 
     </span>
     <span class='ocr_line' id='line_1_6' title="bbox 98 1243 1211 1333; baseline -0.003 -22"><span class='ocrx_word' id='word_1_29' title='bbox 98 1247 191 1312; x_wconf 87' lang='lat' dir='ltr'><strong>eobsii</strong></span> <span class='ocrx_word' id='word_1_30' title='bbox 213 1247 356 1332; x_wconf 82' lang='grc' dir='ltr'><strong><em>ἐωνήμην</em></strong></span> <span class='ocrx_word' id='word_1_31' title='bbox 376 1249 477 1332; x_wconf 92' lang='grc' dir='ltr'><strong><em>μόνον</em></strong></span> <span class='ocrx_word' id='word_1_32' title='bbox 500 1249 622 1333; x_wconf 86' lang='lat' dir='ltr'><strong>probari</strong></span> <span class='ocrx_word' id='word_1_33' title='bbox 642 1269 702 1310; x_wconf 88' lang='lat' dir='ltr'><strong>nou</strong></span> <span class='ocrx_word' id='word_1_34' title='bbox 725 1259 868 1332; x_wconf 73' lang='lat' dir='ltr'><strong>possunt,</strong></span> <span class='ocrx_word' id='word_1_35' title='bbox 900 1263 985 1328; x_wconf 87' lang='lat' dir='ltr'><strong>quum</strong></span> <span class='ocrx_word' id='word_1_36' title='bbox 1007 1243 1124 1307; x_wconf 81' lang='lat' dir='ltr'>facilior</span> <span class='ocrx_word' id='word_1_37' title='bbox 1146 1267 1211 1308; x_wconf 83' lang='lat' dir='ltr'><strong>cer·</strong></span> 
     </span>
     <span class='ocr_line' id='line_1_7' title="bbox 97 1346 1212 1442; baseline -0.003 -26"><span class='ocrx_word' id='word_1_38' title='bbox 97 1355 215 1440; x_wconf 82' lang='lat' dir='ltr'><strong>tiorque</strong></span> <span class='ocrx_word' id='word_1_39' title='bbox 243 1355 411 1418; x_wconf 77' lang='lat' dir='ltr'><strong>emendatio</strong></span> <span class='ocrx_word' id='word_1_40' title='bbox 441 1357 470 1418; x_wconf 89' lang='lat' dir='ltr'><strong>in</strong></span> <span class='ocrx_word' id='word_1_41' title='bbox 507 1369 621 1442; x_wconf 86' lang='lat' dir='ltr'><strong>promtu</strong></span> <span class='ocrx_word' id='word_1_42' title='bbox 653 1355 701 1417; x_wconf 89' lang='lat' dir='ltr'><strong>sit.</strong></span> <span class='ocrx_word' id='word_1_43' title='bbox 755 1352 859 1416; x_wconf 83' lang='lat' dir='ltr'><strong>Scribe</strong></span> <span class='ocrx_word' id='word_1_44' title='bbox 894 1347 996 1432; x_wconf 88' lang='grc' dir='ltr'><strong><em>μόνον</em></strong></span> <span class='ocrx_word' id='word_1_45' title='bbox 1029 1346 1212 1432; x_wconf 78' lang='grc' dir='ltr'><strong><em>ἐωνημένος,</em></strong></span> 
     </span>
     <span class='ocr_line' id='line_1_8' title="bbox 97 1459 500 1547; baseline 0.005 -24"><span class='ocrx_word' id='word_1_46' title='bbox 97 1482 171 1523; x_wconf 91' lang='lat' dir='ltr'><strong>voce</strong></span> <span class='ocrx_word' id='word_1_47' title='bbox 192 1459 292 1543; x_wconf 89' lang='grc' dir='ltr'><strong><em>μόνον</em></strong></span> <span class='ocrx_word' id='word_1_48' title='bbox 313 1463 500 1547; x_wconf 73' lang='lat' dir='ltr'><strong>praeposita,</strong></span> 
     </span>
    </p>
   </div>
   <div class='ocr_carea' id='block_1_4' title="bbox 147 1569 1039 1790">
    <p class='ocr_par' dir='ltr' id='par_1_4' title="bbox 147 1569 1039 1790">
     <span class='ocr_line' id='line_1_9' title="bbox 147 1569 1039 1683; baseline -0.007 -18"><span class='ocrx_word' id='word_1_49' title='bbox 147 1667 150 1672; x_wconf 82' lang='grc'><strong><em>,</em></strong></span> <span class='ocrx_word' id='word_1_50' title='bbox 222 1603 380 1682; x_wconf 78' lang='grc' dir='ltr'><strong><em>Δραχμῶν</em></strong></span> <span class='ocrx_word' id='word_1_51' title='bbox 400 1598 512 1664; x_wconf 82' lang='grc' dir='ltr'><strong><em>ἑκατὸν</em></strong></span> <span class='ocrx_word' id='word_1_52' title='bbox 532 1602 626 1683; x_wconf 75' lang='grc' dir='ltr'><strong><em>ἰχθῦς</em></strong></span> <span class='ocrx_word' id='word_1_53' title='bbox 646 1599 774 1682; x_wconf 90' lang='grc' dir='ltr'><strong><em>μόνον</em></strong></span> <span class='ocrx_word' id='word_1_54' title='bbox 795 1569 1039 1680; x_wconf 71' lang='grc' dir='ltr'><strong><em>ἐωνημόνος,</em></strong></span> 
     </span>
     <span class='ocr_line' id='line_1_10' title="bbox 223 1700 902 1790; baseline -0.003 -20"><span class='ocrx_word' id='word_1_55' title='bbox 223 1700 305 1770; x_wconf 86' lang='grc' dir='ltr'><strong><em>όιιτω</em></strong></span> <span class='ocrx_word' id='word_1_56' title='bbox 328 1703 494 1790; x_wconf 79' lang='grc' dir='ltr'><strong><em>λάβρακας,</em></strong></span> <span class='ocrx_word' id='word_1_57' title='bbox 515 1704 695 1790; x_wconf 80' lang='grc' dir='ltr'><strong><em>χρυσόφρυς</em></strong></span> <span class='ocrx_word' id='word_1_58' title='bbox 717 1704 750 1772; x_wconf 77' lang='grc' dir='ltr'><strong>δὲ</strong></span> <span class='ocrx_word' id='word_1_59' title='bbox 772 1703 902 1782; x_wconf 74' lang='grc' dir='ltr'><strong><em>δώδεκα,</em></strong></span> 
     </span>
    </p>
   </div>
   <div class='ocr_carea' id='block_1_5' title="bbox 96 1839 1214 2462">
    <p class='ocr_par' dir='ltr' id='par_1_5' title="bbox 96 1839 1214 2462">
     <span class='ocr_line' id='line_1_11' title="bbox 100 1839 1212 1930; baseline -0.006 -24"><span class='ocrx_word' id='word_1_60' title='bbox 100 1857 129 1906; x_wconf 87' lang='lat' dir='ltr'><strong>et</strong></span> <span class='ocrx_word' id='word_1_61' title='bbox 150 1863 292 1930; x_wconf 82' lang='lat' dir='ltr'><strong>compara</strong></span> <span class='ocrx_word' id='word_1_62' title='bbox 312 1843 394 1909; x_wconf 90' lang='lat' dir='ltr'><strong>Pluti</strong></span> <span class='ocrx_word' id='word_1_63' title='bbox 415 1867 443 1909; x_wconf 89' lang='lat' dir='ltr'><strong>v.</strong></span> <span class='ocrx_word' id='word_1_64' title='bbox 467 1849 497 1910; x_wconf 80' lang='lat'><strong>7.</strong></span> <span class='ocrx_word' id='word_1_65' title='bbox 541 1845 673 1928; x_wconf 78' lang='lat' dir='ltr'><strong>Accedit,</strong></span> <span class='ocrx_word' id='word_1_66' title='bbox 697 1845 775 1928; x_wconf 90' lang='lat' dir='ltr'><strong>quod</strong></span> <span class='ocrx_word' id='word_1_67' title='bbox 796 1844 889 1907; x_wconf 85' lang='lat' dir='ltr'><strong>verba</strong></span> <span class='ocrx_word' id='word_1_68' title='bbox 910 1843 1002 1925; x_wconf 78' lang='grc' dir='ltr'><strong><em>ἰχθῦς</em></strong></span> <span class='ocrx_word' id='word_1_69' title='bbox 1022 1839 1122 1923; x_wconf 88' lang='grc' dir='ltr'><strong><em>μόνον</em></strong></span> <span class='ocrx_word' id='word_1_70' title='bbox 1143 1854 1212 1925; x_wconf 86' lang='lat' dir='ltr'><strong>apte</strong></span> 
     </span>
     <span class='ocr_line' id='line_1_12' title="bbox 97 1947 1211 2034; baseline -0.003 -23"><span class='ocrx_word' id='word_1_71' title='bbox 97 1950 325 2034; x_wconf 75' lang='lat' dir='ltr'><strong>conjunguntur,</strong></span> <span class='ocrx_word' id='word_1_72' title='bbox 349 1950 392 2012; x_wconf 89' lang='lat' dir='ltr'><strong>ita</strong></span> <span class='ocrx_word' id='word_1_73' title='bbox 414 1962 445 2011; x_wconf 92' lang='lat' dir='ltr'><strong>ut</strong></span> <span class='ocrx_word' id='word_1_74' title='bbox 467 1949 578 2013; x_wconf 83' lang='lat' dir='ltr'><strong>Callias</strong></span> <span class='ocrx_word' id='word_1_75' title='bbox 601 1949 649 2012; x_wconf 89' lang='lat' dir='ltr'><strong>vel</strong></span> <span class='ocrx_word' id='word_1_76' title='bbox 670 1970 779 2034; x_wconf 87' lang='lat' dir='ltr'><strong>coquus</strong></span> <span class='ocrx_word' id='word_1_77' title='bbox 808 1962 922 2012; x_wconf 87' lang='lat' dir='ltr'><strong>centum</strong></span> <span class='ocrx_word' id='word_1_78' title='bbox 954 1947 1104 2011; x_wconf 87' lang='lat' dir='ltr'><strong>drachmis·</strong></span> <span class='ocrx_word' id='word_1_79' title='bbox 1130 1947 1211 2009; x_wconf 88' lang='lat' dir='ltr'><strong>diea-</strong></span> 
     </span>
     <span class='ocr_line' id='line_1_13' title="bbox 96 2055 1211 2141; baseline -0.001 -23"><span class='ocrx_word' id='word_1_80' title='bbox 96 2067 144 2118; x_wconf 85' lang='lat' dir='ltr'><strong>tur</strong></span> <span class='ocrx_word' id='word_1_81' title='bbox 165 2055 263 2140; x_wconf 83' lang='lat' dir='ltr'><strong>pisces</strong></span> <span class='ocrx_word' id='word_1_82' title='bbox 286 2055 486 2118; x_wconf 85' lang='lat' dir='ltr'><strong>tautummodo</strong></span> <span class='ocrx_word' id='word_1_83' title='bbox 501 2055 622 2141; x_wconf 80' lang='lat' dir='ltr'>emisse,</span> <span class='ocrx_word' id='word_1_84' title='bbox 646 2076 706 2119; x_wconf 88' lang='lat' dir='ltr'><strong>nou</strong></span> <span class='ocrx_word' id='word_1_85' title='bbox 723 2060 847 2119; x_wconf 87' lang='lat' dir='ltr'><strong>&#39;coenam</strong></span> <span class='ocrx_word' id='word_1_86' title='bbox 863 2055 1032 2118; x_wconf 87' lang='lat' dir='ltr'><strong>universam</strong></span> <span class='ocrx_word' id='word_1_87' title='bbox 1048 2055 1211 2136; x_wconf 80' lang='grc' dir='ltr'><strong><em>(δεῖπνον).</em></strong></span> 
     </span>
     <span class='ocr_line' id='line_1_14' title="bbox 97 2159 1213 2249; baseline -0.003 -24"><span class='ocrx_word' id='word_1_88' title='bbox 97 2161 174 2226; x_wconf 88' lang='lat' dir='ltr'><strong>Nam</strong></span> <span class='ocrx_word' id='word_1_89' title='bbox 197 2159 234 2224; x_wconf 92' lang='lat' dir='ltr'><strong>de</strong></span> <span class='ocrx_word' id='word_1_90' title='bbox 256 2161 312 2225; x_wconf 88' lang='lat' dir='ltr'><strong>hac</strong></span> <span class='ocrx_word' id='word_1_91' title='bbox 333 2161 401 2247; x_wconf 85' lang='lat' dir='ltr'><strong>ipsa</strong></span> <span class='ocrx_word' id='word_1_92' title='bbox 424 2181 520 2225; x_wconf 83' lang='lat' dir='ltr'><strong>coena</strong></span> <span class='ocrx_word' id='word_1_93' title='bbox 547 2161 672 2249; x_wconf 84' lang='lat' dir='ltr'><strong>Eupolis</strong></span> <span class='ocrx_word' id='word_1_94' title='bbox 694 2161 825 2227; x_wconf 80' lang='lat' dir='ltr'><strong>Pollucis</strong></span> <span class='ocrx_word' id='word_1_95' title='bbox 847 2161 910 2248; x_wconf 83' lang='lat' dir='ltr'><strong>IX,</strong></span> <span class='ocrx_word' id='word_1_96' title='bbox 939 2161 979 2227; x_wconf 83' lang='lat'><strong>59</strong></span> <span class='ocrx_word' id='word_1_97' title='bbox 1008 2159 1090 2223; x_wconf 85' lang='lat' dir='ltr'><strong>hisee</strong></span> <span class='ocrx_word' id='word_1_98' title='bbox 1111 2161 1213 2223; x_wconf 74' lang='lat' dir='ltr'><strong>vei-liis</strong></span> 
     </span>
     <span class='ocr_line' id='line_1_15' title="bbox 97 2264 1213 2353; baseline -0.002 -23"><span class='ocrx_word' id='word_1_99' title='bbox 97 2288 169 2330; x_wconf 84' lang='lat' dir='ltr'><strong>usus</strong></span> <span class='ocrx_word' id='word_1_100' title='bbox 199 2275 281 2353; x_wconf 72' lang='lat' dir='ltr'><strong>erat,</strong></span> <span class='ocrx_word' id='word_1_101' title='bbox 311 2265 367 2342; x_wconf 76' lang='grc' dir='ltr'><strong>θὲς</strong></span> <span class='ocrx_word' id='word_1_102' title='bbox 395 2264 506 2331; x_wconf 76' lang='grc' dir='ltr'><strong><em>ἑκατὸν</em></strong></span> <span class='ocrx_word' id='word_1_103' title='bbox 534 2267 678 2352; x_wconf 78' lang='grc' dir='ltr'><strong><em>δραχμάς.</em></strong></span> <span class='ocrx_word' id='word_1_104' title='bbox 701 2305 741 2317; x_wconf 93' lang='lat'>-</span> <span class='ocrx_word' id='word_1_105' title='bbox 763 2269 900 2332; x_wconf 84' lang='lat' dir='ltr'><strong>Ceterum</strong></span> <span class='ocrx_word' id='word_1_106' title='bbox 929 2266 1052 2351; x_wconf 83' lang='lat' dir='ltr'><strong>pluralis</strong></span> <span class='ocrx_word' id='word_1_107' title='bbox 1074 2287 1213 2328; x_wconf 85' lang='lat' dir='ltr'><strong>numerus</strong></span> 
     </span>
     <span class='ocr_line' id='line_1_16' title="bbox 99 2359 1214 2462; baseline -0.001 -26"><span class='ocrx_word' id='word_1_108' title='bbox 99 2371 298 2436; x_wconf 81' lang='lat' dir='ltr'><strong>Laurentiaui</strong></span> <span class='ocrx_word' id='word_1_109' title='bbox 319 2359 487 2457; x_wconf 70' lang='grc' dir='ltr'><strong><em>ἐωνημένοι</em></strong></span> <span class='ocrx_word' id='word_1_110' title='bbox 514 2373 566 2438; x_wconf 88' lang='lat' dir='ltr'><strong>vix</strong></span> <span class='ocrx_word' id='word_1_111' title='bbox 595 2377 728 2462; x_wconf 81' lang='lat' dir='ltr'><strong>cuiquam</strong></span> <span class='ocrx_word' id='word_1_112' title='bbox 749 2373 895 2462; x_wconf 78' lang='lat' dir='ltr'><strong>placebit,</strong></span> <span class='ocrx_word' id='word_1_113' title='bbox 926 2371 990 2434; x_wconf 84' lang='lat' dir='ltr'><strong>sive</strong></span> <span class='ocrx_word' id='word_1_114' title='bbox 1019 2372 1093 2434; x_wconf 85' lang='lat' dir='ltr'><strong>haec</strong></span> <span class='ocrx_word' id='word_1_115' title='bbox 1121 2373 1214 2435; x_wconf 86' lang='lat' dir='ltr'><strong>verba</strong></span> 
     </span>
    </p>
   </div>
   <div class='ocr_carea' id='block_1_6' title="bbox 99 2467 1213 2676">
    <p class='ocr_par' dir='ltr' id='par_1_6' title="bbox 99 2467 1213 2676">
     <span class='ocr_line' id='line_1_17' title="bbox 99 2467 1213 2569; baseline 0 -29"><span class='ocrx_word' id='word_1_116' title='bbox 99 2467 374 2564; x_wconf 73' lang='lat' dir='ltr'><strong>coquo&#39;trihuenua</strong></span> <span class='ocrx_word' id='word_1_117' title='bbox 397 2495 482 2562; x_wconf 73' lang='lat' dir='ltr'><strong>suut,</strong></span> <span class='ocrx_word' id='word_1_118' title='bbox 517 2494 548 2546; x_wconf 91' lang='lat' dir='ltr'><strong>ut</strong></span> <span class='ocrx_word' id='word_1_119' title='bbox 568 2479 738 2546; x_wconf 82' lang='lat' dir='ltr'><strong>Meiuekius</strong></span> <span class='ocrx_word' id='word_1_120' title='bbox 762 2502 791 2569; x_wconf 91' lang='lat' dir='ltr'><strong>p.</strong></span> <span class='ocrx_word' id='word_1_121' title='bbox 823 2481 884 2546; x_wconf 73' lang='lat'><strong>492</strong></span> <span class='ocrx_word' id='word_1_122' title='bbox 911 2477 1032 2567; x_wconf 71' lang='lat' dir='ltr'><strong>statuit,</strong></span> <span class='ocrx_word' id='word_1_123' title='bbox 1062 2478 1127 2542; x_wconf 85' lang='lat' dir='ltr'><strong>sive</strong></span> <span class='ocrx_word' id='word_1_124' title='bbox 1156 2477 1213 2564; x_wconf 90' lang='lat' dir='ltr'><strong>ipsi</strong></span> 
     </span>
     <span class='ocr_line' id='line_1_18' title="bbox 99 2584 741 2676; baseline 0.009 -30"><span class='ocrx_word' id='word_1_125' title='bbox 99 2584 226 2670; x_wconf 82' lang='lat' dir='ltr'><strong>Galliae,</strong></span> <span class='ocrx_word' id='word_1_126' title='bbox 251 2601 282 2650; x_wconf 89' lang='lat' dir='ltr'><strong>ut</strong></span> <span class='ocrx_word' id='word_1_127' title='bbox 303 2587 423 2674; x_wconf 83' lang='lat' dir='ltr'><strong>plaeere</strong></span> <span class='ocrx_word' id='word_1_128' title='bbox 447 2589 562 2654; x_wconf 86' lang='lat' dir='ltr'><strong>videtur</strong></span> <span class='ocrx_word' id='word_1_129' title='bbox 583 2589 741 2676; x_wconf 84' lang='lat' dir='ltr'><strong>popelio.</strong></span> 
     </span>
    </p>
   </div>
   <div class='ocr_carea' id='block_1_7' title="bbox 597 2819 715 2899">
    <p class='ocr_par' dir='ltr' id='par_1_7' title="bbox 597 2819 715 2899">
     <span class='ocr_line' id='line_1_19' title="bbox 597 2819 715 2899; baseline -0.008 -1"><span class='ocrx_word' id='word_1_130' title='bbox 597 2819 715 2899; x_wconf 83' lang='lat' dir='ltr'><strong>XIX.</strong></span> 
     </span>
    </p>
   </div>
   <div class='ocr_carea' id='block_1_8' title="bbox 98 2993 1213 4359">
    <p class='ocr_par' dir='ltr' id='par_1_8' title="bbox 98 2993 1213 4359">
     <span class='ocr_line' id='line_1_20' title="bbox 184 2993 1212 3083; baseline -0.001 -26"><span class='ocrx_word' id='word_1_131' title='bbox 184 2993 254 3058; x_wconf 82' lang='lat' dir='ltr'><strong>Cum</strong></span> <span class='ocrx_word' id='word_1_132' title='bbox 277 2994 431 3080; x_wconf 79' lang='lat' dir='ltr'><strong>hocloco,</strong></span> <span class='ocrx_word' id='word_1_133' title='bbox 455 2997 503 3082; x_wconf 90' lang='lat' dir='ltr'><strong>qui</strong></span> <span class='ocrx_word' id='word_1_134' title='bbox 525 3009 573 3060; x_wconf 88' lang='lat' dir='ltr'><strong>est</strong></span> <span class='ocrx_word' id='word_1_135' title='bbox 594 2997 671 3083; x_wconf 83' lang='lat' dir='ltr'><strong>apud</strong></span> <span class='ocrx_word' id='word_1_136' title='bbox 691 2996 843 3060; x_wconf 86' lang='lat' dir='ltr'><strong>Pollucem</strong></span> <span class='ocrx_word' id='word_1_137' title='bbox 865 2995 927 3080; x_wconf 86' lang='lat' dir='ltr'><strong>lx,</strong></span> <span class='ocrx_word' id='word_1_138' title='bbox 950 2993 1002 3079; x_wconf 84' lang='grc'><strong>00,</strong></span> <span class='ocrx_word' id='word_1_139' title='bbox 1026 2994 1113 3058; x_wconf 83' lang='lat' dir='ltr'><strong>alium</strong></span> <span class='ocrx_word' id='word_1_140' title='bbox 1142 3014 1212 3057; x_wconf 87' lang='lat' dir='ltr'><strong>con·</strong></span> 
     </span>
     <span class='ocr_line' id='line_1_21' title="bbox 99 3100 1213 3188; baseline 0.002 -24"><span class='ocrx_word' id='word_1_141' title='bbox 99 3101 165 3164; x_wconf 85' lang='lat' dir='ltr'><strong>fero</strong></span> <span class='ocrx_word' id='word_1_142' title='bbox 189 3100 321 3185; x_wconf 83' lang='lat' dir='ltr'><strong>ejusdem</strong></span> <span class='ocrx_word' id='word_1_143' title='bbox 344 3101 498 3188; x_wconf 80' lang='lat' dir='ltr'><strong>scriptoris</strong></span> <span class='ocrx_word' id='word_1_144' title='bbox 520 3101 562 3186; x_wconf 76' lang='grc' dir='ltr'><strong>Χ,</strong></span> <span class='ocrx_word' id='word_1_145' title='bbox 585 3103 642 3187; x_wconf 86' lang='grc'><strong>00,</strong></span> <span class='ocrx_word' id='word_1_146' title='bbox 674 3103 705 3166; x_wconf 88' lang='lat' dir='ltr'><strong>iu</strong></span> <span class='ocrx_word' id='word_1_147' title='bbox 727 3123 783 3186; x_wconf 89' lang='lat' dir='ltr'><strong>quo</strong></span> <span class='ocrx_word' id='word_1_148' title='bbox 805 3102 930 3187; x_wconf 83' lang='lat' dir='ltr'><strong>vulgata</strong></span> <span class='ocrx_word' id='word_1_149' title='bbox 950 3101 1036 3164; x_wconf 89' lang='lat' dir='ltr'><strong>lectio</strong></span> <span class='ocrx_word' id='word_1_150' title='bbox 1058 3101 1132 3166; x_wconf 80' lang='lat' dir='ltr'><strong>ferri</strong></span> <span class='ocrx_word' id='word_1_151' title='bbox 1153 3125 1213 3166; x_wconf 88' lang='lat' dir='ltr'><strong>nou</strong></span> 
     </span>
     <span class='ocr_line' id='line_1_22' title="bbox 99 3205 1210 3293; baseline 0.001 -24"><span class='ocrx_word' id='word_1_152' title='bbox 99 3215 211 3293; x_wconf 75' lang='lat' dir='ltr'><strong>potest,</strong></span> <span class='ocrx_word' id='word_1_153' title='bbox 238 3229 323 3293; x_wconf 88' lang='lat' dir='ltr'><strong>quum</strong></span> <span class='ocrx_word' id='word_1_154' title='bbox 346 3229 408 3272; x_wconf 86' lang='lat' dir='ltr'><strong>vox</strong></span> <span class='ocrx_word' id='word_1_155' title='bbox 428 3205 640 3292; x_wconf 79' lang='grc' dir='ltr'><strong><em>χειρόνιπτρον</em></strong></span> <span class='ocrx_word' id='word_1_156' title='bbox 668 3231 726 3272; x_wconf 87' lang='lat' dir='ltr'><strong>nou</strong></span> <span class='ocrx_word' id='word_1_157' title='bbox 755 3208 785 3270; x_wconf 90' lang='lat' dir='ltr'><strong>in</strong></span> <span class='ocrx_word' id='word_1_158' title='bbox 811 3207 1021 3272; x_wconf 82' lang='lat' dir='ltr'><strong>Adulatoribus</strong></span> <span class='ocrx_word' id='word_1_159' title='bbox 1048 3209 1210 3290; x_wconf 66' lang='lat' dir='ltr'><strong>exstiterit,</strong></span> 
     </span>
     <span class='ocr_line' id='line_1_23' title="bbox 100 3311 1213 3401; baseline 0.002 -29"><span class='ocrx_word' id='word_1_160' title='bbox 100 3312 154 3374; x_wconf 88' lang='lat' dir='ltr'><strong>sed</strong></span> <span class='ocrx_word' id='word_1_161' title='bbox 176 3314 206 3375; x_wconf 89' lang='lat' dir='ltr'><strong>iu</strong></span> <span class='ocrx_word' id='word_1_162' title='bbox 227 3312 330 3378; x_wconf 87' lang='lat' dir='ltr'><strong>llemis</strong></span> <span class='ocrx_word' id='word_1_163' title='bbox 359 3322 435 3378; x_wconf 87' lang='lat' dir='ltr'><strong>teste</strong></span> <span class='ocrx_word' id='word_1_164' title='bbox 463 3313 621 3380; x_wconf 83' lang='lat' dir='ltr'><strong>Athenaeo</strong></span> <span class='ocrx_word' id='word_1_165' title='bbox 643 3314 688 3380; x_wconf 87' lang='lat' dir='ltr'><strong>lx</strong></span> <span class='ocrx_word' id='word_1_166' title='bbox 708 3335 739 3401; x_wconf 91' lang='lat' dir='ltr'><strong>p.</strong></span> <span class='ocrx_word' id='word_1_167' title='bbox 766 3315 839 3399; x_wconf 87' lang='grc'>408,</span> <span class='ocrx_word' id='word_1_168' title='bbox 863 3316 898 3399; x_wconf 84' lang='grc'><strong>0,</strong></span> <span class='ocrx_word' id='word_1_169' title='bbox 929 3315 977 3399; x_wconf 86' lang='lat' dir='ltr'><strong>qui</strong></span> <span class='ocrx_word' id='word_1_170' title='bbox 1000 3316 1089 3378; x_wconf 87' lang='lat' dir='ltr'><strong>etiam</strong></span> <span class='ocrx_word' id='word_1_171' title='bbox 1121 3311 1213 3376; x_wconf 87' lang='lat' dir='ltr'><strong>verba</strong></span> 
     </span>
     <span class='ocr_line' id='line_1_24' title="bbox 101 3419 1210 3506; baseline 0.001 -28"><span class='ocrx_word' id='word_1_172' title='bbox 101 3437 224 3501; x_wconf 84' lang='lat' dir='ltr'><strong>prorsus</strong></span> <span class='ocrx_word' id='word_1_173' title='bbox 253 3419 313 3483; x_wconf 86' lang='lat' dir='ltr'><strong>alia</strong></span> <span class='ocrx_word' id='word_1_174' title='bbox 339 3419 432 3484; x_wconf 88' lang='lat' dir='ltr'><strong>fuisse</strong></span> <span class='ocrx_word' id='word_1_175' title='bbox 462 3421 602 3485; x_wconf 86' lang='lat' dir='ltr'><strong>ostendit.</strong></span> <span class='ocrx_word' id='word_1_176' title='bbox 652 3420 788 3506; x_wconf 82' lang='lat' dir='ltr'><strong>Vulgata</strong></span> <span class='ocrx_word' id='word_1_177' title='bbox 820 3420 897 3484; x_wconf 88' lang='lat' dir='ltr'><strong>enim</strong></span> <span class='ocrx_word' id='word_1_178' title='bbox 928 3420 1013 3483; x_wconf 83' lang='lat' dir='ltr'><strong>lectio</strong></span> <span class='ocrx_word' id='word_1_179' title='bbox 1045 3421 1120 3483; x_wconf 84' lang='lat' dir='ltr'><strong>haec</strong></span> <span class='ocrx_word' id='word_1_180' title='bbox 1152 3429 1210 3502; x_wconf 80' lang='lat' dir='ltr'><strong>est,</strong></span> 
     </span>
     <span class='ocr_line' id='line_1_25' title="bbox 99 3519 1212 3612; baseline 0 -24"><span class='ocrx_word' id='word_1_181' title='bbox 99 3521 166 3588; x_wconf 81' lang='lat' dir='ltr'><strong>Kal</strong></span> <span class='ocrx_word' id='word_1_182' title='bbox 186 3519 311 3607; x_wconf 80' lang='grc' dir='ltr'><strong><em>χέρνιβα</em></strong></span> <span class='ocrx_word' id='word_1_183' title='bbox 331 3521 364 3588; x_wconf 74' lang='grc' dir='ltr'><strong>δὲ</strong></span> <span class='ocrx_word' id='word_1_184' title='bbox 382 3524 435 3590; x_wconf 79' lang='grc' dir='ltr'><strong>καὶ</strong></span> <span class='ocrx_word' id='word_1_185' title='bbox 454 3523 574 3611; x_wconf 75' lang='grc' dir='ltr'><strong><em>λέβητες</em></strong></span> <span class='ocrx_word' id='word_1_186' title='bbox 593 3525 645 3592; x_wconf 77' lang='grc' dir='ltr'><strong>καὶ</strong></span> <span class='ocrx_word' id='word_1_187' title='bbox 665 3524 801 3611; x_wconf 83' lang='grc' dir='ltr'><strong><em>πρόχους</em></strong></span> <span class='ocrx_word' id='word_1_188' title='bbox 821 3526 874 3592; x_wconf 75' lang='grc' dir='ltr'><strong>καὶ</strong></span> <span class='ocrx_word' id='word_1_189' title='bbox 887 3529 1040 3612; x_wconf 75' lang='grc' dir='ltr'><strong><em>χερνίβιον</em></strong></span> <span class='ocrx_word' id='word_1_190' title='bbox 1058 3523 1212 3608; x_wconf 76' lang='grc' dir='ltr'><strong><em>ἀναγκαῖοι</em></strong></span> 
     </span>
     <span class='ocr_line' id='line_1_26' title="bbox 98 3627 1212 3723; baseline -0.002 -27"><span class='ocrx_word' id='word_1_191' title='bbox 98 3629 152 3696; x_wconf 74' lang='grc' dir='ltr'><strong>καὶ</strong></span> <span class='ocrx_word' id='word_1_192' title='bbox 178 3633 278 3695; x_wconf 76' lang='grc' dir='ltr'><strong><em>ταῦτα</em></strong></span> <span class='ocrx_word' id='word_1_193' title='bbox 305 3628 339 3695; x_wconf 83' lang='grc' dir='ltr'><strong>ἐκ</strong></span> <span class='ocrx_word' id='word_1_194' title='bbox 365 3634 420 3715; x_wconf 79' lang='grc' dir='ltr'><strong><em>τῆς</em></strong></span> <span class='ocrx_word' id='word_1_195' title='bbox 446 3627 522 3718; x_wconf 85' lang='grc' dir='ltr'><strong><em>παρ’</em></strong></span> <span class='ocrx_word' id='word_1_196' title='bbox 546 3629 676 3723; x_wconf 80' lang='grc' dir='ltr'><strong><em>Ὁμήρῳ</em></strong></span> <span class='ocrx_word' id='word_1_197' title='bbox 703 3627 841 3720; x_wconf 78' lang='grc' dir='ltr'><strong><em>χρήσεως</em></strong></span> <span class='ocrx_word' id='word_1_198' title='bbox 868 3631 982 3717; x_wconf 82' lang='grc' dir='ltr'><strong><em>,,Χε’ρν.</em></strong></span> <span class='ocrx_word' id='word_1_199' title='bbox 1011 3673 1049 3682; x_wconf 92' lang='lat'><em>-</em></span> <span class='ocrx_word' id='word_1_200' title='bbox 1078 3632 1212 3715; x_wconf 77' lang='grc' dir='ltr'><strong><em>ἔχονοα“</em></strong></span> 
     </span>
     <span class='ocr_line' id='line_1_27' title="bbox 103 3734 1210 3827; baseline 0.004 -29"><span class='ocrx_word' id='word_1_201' title='bbox 103 3736 149 3818; x_wconf 90' lang='grc' dir='ltr'>(ΙΙ.</span> <span class='ocrx_word' id='word_1_202' title='bbox 162 3734 197 3816; x_wconf 83' lang='grc' dir='ltr'><strong>ό,</strong></span> <span class='ocrx_word' id='word_1_203' title='bbox 220 3738 304 3819; x_wconf 82' lang='grc'>304).</span> <span class='ocrx_word' id='word_1_204' title='bbox 327 3735 445 3821; x_wconf 73' lang='grc' dir='ltr'><strong><em>ῥητέον,</em></strong></span> <span class='ocrx_word' id='word_1_205' title='bbox 458 3735 642 3808; x_wconf 71' lang='grc' dir='ltr'><strong><em>δἀὐτὸιιαι</em></strong></span> <span class='ocrx_word' id='word_1_206' title='bbox 662 3739 890 3827; x_wconf 78' lang='grc' dir='ltr'><strong><em>χειρόνιπτρον,</em></strong></span> <span class='ocrx_word' id='word_1_207' title='bbox 913 3736 1091 3814; x_wconf 77' lang='grc' dir='ltr'><strong><em>Εὐπόλιδος</em></strong></span> <span class='ocrx_word' id='word_1_208' title='bbox 1111 3736 1210 3803; x_wconf 78' lang='grc' dir='ltr'><strong><em>εἰπόν-</em></strong></span> 
     </span>
     <span class='ocr_line' id='line_1_28' title="bbox 101 3841 1211 3933; baseline 0.001 -24"><span class='ocrx_word' id='word_1_209' title='bbox 101 3866 154 3920; x_wconf 90' lang='grc' dir='ltr'><strong><em>τος</em></strong></span> <span class='ocrx_word' id='word_1_210' title='bbox 174 3841 208 3908; x_wconf 78' lang='grc' dir='ltr'><strong>ἐν</strong></span> <span class='ocrx_word' id='word_1_211' title='bbox 230 3843 364 3924; x_wconf 65' lang='lat' dir='ltr'><strong>mutate,</strong></span> <span class='ocrx_word' id='word_1_212' title='bbox 387 3848 564 3930; x_wconf 81' lang='grc' dir='ltr'><strong><em>,,Φροόδον</em></strong></span> <span class='ocrx_word' id='word_1_213' title='bbox 584 3846 620 3913; x_wconf 91' lang='grc' dir='ltr'><strong>τὸ</strong></span> <span class='ocrx_word' id='word_1_214' title='bbox 640 3845 899 3933; x_wconf 82' lang='grc' dir='ltr'><strong><em>χειρόνιπτρον·“</em></strong></span> <span class='ocrx_word' id='word_1_215' title='bbox 922 3843 970 3924; x_wconf 75' lang='grc' dir='ltr'><strong><em>οἷς</em></strong></span> <span class='ocrx_word' id='word_1_216' title='bbox 990 3845 1139 3916; x_wconf 77' lang='grc' dir='ltr'><strong><em>ἐπακτέον</em></strong></span> <span class='ocrx_word' id='word_1_217' title='bbox 1158 3845 1211 3913; x_wconf 83' lang='grc' dir='ltr'><strong>καὶ</strong></span> 
     </span>
     <span class='ocr_line' id='line_1_29' title="bbox 99 3947 1211 4041; baseline 0.006 -25"><span class='ocrx_word' id='word_1_218' title='bbox 99 3947 260 4035; x_wconf 81' lang='grc' dir='ltr'><strong><em>σπόγγους</em></strong></span> <span class='ocrx_word' id='word_1_219' title='bbox 280 3976 308 4016; x_wconf 88' lang='grc' dir='ltr'><strong>κ.</strong></span> <span class='ocrx_word' id='word_1_220' title='bbox 329 3975 355 4017; x_wconf 86' lang='grc' dir='ltr'><strong>τ.</strong></span> <span class='ocrx_word' id='word_1_221' title='bbox 378 3957 403 4016; x_wconf 80' lang='grc' dir='ltr'><strong>λ.</strong></span> <span class='ocrx_word' id='word_1_222' title='bbox 446 3952 639 4017; x_wconf 86' lang='lat' dir='ltr'><strong>Emendatius</strong></span> <span class='ocrx_word' id='word_1_223' title='bbox 672 3953 740 4020; x_wconf 86' lang='lat' dir='ltr'><strong>libri</strong></span> <span class='ocrx_word' id='word_1_224' title='bbox 760 3952 895 4020; x_wconf 83' lang='lat' dir='ltr'><strong>Parisini</strong></span> <span class='ocrx_word' id='word_1_225' title='bbox 925 3955 1002 4041; x_wconf 86' lang='lat' dir='ltr'><strong>apud</strong></span> <span class='ocrx_word' id='word_1_226' title='bbox 1027 3957 1211 4026; x_wconf 85' lang='lat' dir='ltr'><strong>llleiuekium</strong></span> 
     </span>
     <span class='ocr_line' id='line_1_30' title="bbox 101 4055 1209 4146; baseline 0.005 -24"><span class='ocrx_word' id='word_1_227' title='bbox 101 4059 139 4122; x_wconf 88' lang='lat' dir='ltr'><strong>ad</strong></span> <span class='ocrx_word' id='word_1_228' title='bbox 160 4058 335 4143; x_wconf 85' lang='lat' dir='ltr'><strong>Eupolidem</strong></span> <span class='ocrx_word' id='word_1_229' title='bbox 357 4079 386 4144; x_wconf 88' lang='lat' dir='ltr'><strong>p.</strong></span> <span class='ocrx_word' id='word_1_230' title='bbox 409 4059 485 4124; x_wconf 74' lang='lat'>574:</span> <span class='ocrx_word' id='word_1_231' title='bbox 507 4056 618 4142; x_wconf 80' lang='grc' dir='ltr'><strong><em>ῥητέον</em></strong></span> <span class='ocrx_word' id='word_1_232' title='bbox 638 4055 747 4126; x_wconf 79' lang='grc' dir='ltr'><strong><em>δἀὐτὸ</em></strong></span> <span class='ocrx_word' id='word_1_233' title='bbox 767 4060 820 4126; x_wconf 79' lang='grc' dir='ltr'><strong>καὶ</strong></span> <span class='ocrx_word' id='word_1_234' title='bbox 840 4061 1078 4146; x_wconf 82' lang='grc' dir='ltr'><strong><em>χειρόμακτρον,</em></strong></span> <span class='ocrx_word' id='word_1_235' title='bbox 1100 4060 1209 4128; x_wconf 83' lang='grc' dir='ltr'><strong><em>Εὐπό-</em></strong></span> 
     </span>
     <span class='ocr_line' id='line_1_31' title="bbox 98 4156 1210 4252; baseline 0.004 -25"><span class='ocrx_word' id='word_1_236' title='bbox 98 4165 184 4240; x_wconf 82' lang='grc' dir='ltr'><strong><em>λιδος</em></strong></span> <span class='ocrx_word' id='word_1_237' title='bbox 209 4163 351 4240; x_wconf 74' lang='grc' dir='ltr'><strong><em>εἰπόντος</em></strong></span> <span class='ocrx_word' id='word_1_238' title='bbox 383 4166 558 4248; x_wconf 71' lang='grc' dir='ltr'><strong><em>,Φροόδον</em></strong></span> <span class='ocrx_word' id='word_1_239' title='bbox 589 4162 626 4230; x_wconf 86' lang='grc' dir='ltr'><strong>τὸ</strong></span> <span class='ocrx_word' id='word_1_240' title='bbox 652 4156 895 4252; x_wconf 80' lang='grc' dir='ltr'><strong><em>χειρόμακτρον“</em></strong></span> <span class='ocrx_word' id='word_1_241' title='bbox 922 4192 949 4233; x_wconf 88' lang='grc' dir='ltr'><strong>ιι.</strong></span> <span class='ocrx_word' id='word_1_242' title='bbox 977 4193 1002 4234; x_wconf 87' lang='grc' dir='ltr'><strong>τ.</strong></span> <span class='ocrx_word' id='word_1_243' title='bbox 1022 4175 1048 4233; x_wconf 81' lang='grc' dir='ltr'><strong>λ.</strong></span> <span class='ocrx_word' id='word_1_244' title='bbox 1093 4171 1132 4234; x_wconf 76' lang='lat' dir='ltr'><strong>At</strong></span> <span class='ocrx_word' id='word_1_245' title='bbox 1153 4171 1210 4232; x_wconf 87' lang='lat' dir='ltr'><strong>isto</strong></span> 
     </span>
     <span class='ocr_line' id='line_1_32' title="bbox 101 4271 1209 4359; baseline 0.006 -25"><span class='ocrx_word' id='word_1_246' title='bbox 101 4271 189 4334; x_wconf 89' lang='lat' dir='ltr'><strong>modo</strong></span> <span class='ocrx_word' id='word_1_247' title='bbox 213 4284 244 4333; x_wconf 86' lang='lat' dir='ltr'><strong>et</strong></span> <span class='ocrx_word' id='word_1_248' title='bbox 265 4271 343 4338; x_wconf 79' lang='grc' dir='ltr'><strong><em>αὐτο</em></strong></span> <span class='ocrx_word' id='word_1_249' title='bbox 365 4271 465 4355; x_wconf 88' lang='lat' dir='ltr'><strong>inepte</strong></span> <span class='ocrx_word' id='word_1_250' title='bbox 487 4271 593 4337; x_wconf 87' lang='lat' dir='ltr'><strong>dietum</strong></span> <span class='ocrx_word' id='word_1_251' title='bbox 614 4288 662 4338; x_wconf 91' lang='lat' dir='ltr'><strong>est</strong></span> <span class='ocrx_word' id='word_1_252' title='bbox 683 4282 713 4338; x_wconf 91' lang='lat' dir='ltr'><strong>et</strong></span> <span class='ocrx_word' id='word_1_253' title='bbox 740 4272 951 4359; x_wconf 85' lang='grc' dir='ltr'><strong><em>χειρόνιπτρον</em></strong></span> <span class='ocrx_word' id='word_1_254' title='bbox 972 4277 1049 4342; x_wconf 84' lang='lat' dir='ltr'><strong>male</strong></span> <span class='ocrx_word' id='word_1_255' title='bbox 1071 4277 1209 4342; x_wconf 89' lang='lat' dir='ltr'><strong>deletum.</strong></span> 
     </span>
    </p>
   </div>
   <div class='ocr_carea' id='block_1_9' title="bbox 0 0 1475 4896">
    <p class='ocr_par' dir='ltr' id='par_1_9' title="bbox 0 0 1475 4896">
     <span class='ocr_line' id='line_1_33' title="bbox 0 0 1475 4896; baseline 0 0"><span class='ocrx_word' id='word_1_256' title='bbox 0 0 1475 4896; x_wconf 95' lang='lat' dir='ltr'><strong> </strong></span> 
     </span>
    </p>
   </div>
  </div>
 </body>
</html>
