2938 4896
546 437 805 508 «0350»-

116 626 296 691 haenserum
316 634 430 690 temere
453 646 522 689 esse
544 625 696 690 secatum?
729 625 866 712 Egregie
880 625 1050 692 Meineltius
1071 630 1142 696 hist.
1162 637 1227 700 orit.

115 752 145 818 μ.
167 733 228 798 432
250 741 280 795 et
300 731 409 816 partim
429 729 587 796 Dobraens
608 729 736 794 Advers.
763 723 795 793 Π
821 751 850 816 p.
872 731 934 798 342
954 743 1158 820 argumentum
1180 742 1230 806 fa-

116 838 204 904 bulae
219 837 365 902 ‘videntur
384 835 598 923 perspexisse,
621 836 670 920 qui
691 835 891 922 suspicantur,
923 845 953 902 nt
974 837 1005 904 in
1033 842 1144 910 Aeson.
1165 847 1227 914 Eu.

114 963 193 1008 men.
221 965 252 1006 v.
274 943 314 1009 to
335 961 380 1028 sq.
419 941 557 1008 Orestem
580 961 598 1005 a
619 940 719 1005 Furiis
746 951 871 1029 propter
897 943 1103 1036 parricidium,
1131 953 1172 1016 ita
1197 955 1228 1020 in

116 1047 269 1114 Timoelea
289 1047 390 1113 fabola
411 1046 594 1112 Antoolidem
615 1057 740 1133 propter
767 1067 925 1132 puerorum
948 1069 1068 1118 amores
1090 1076 1109 1120 a
1130 1080 1227 1126 mero·

116 1153 235 1217 trioibus
263 1154 486 1219 circumsessum
506 1153 611 1218 fuisse.
1229 1157 1250 1178 ”’

197 1261 260 1325 Sed
282 1260 398 1346 redeat,
421 1258 498 1323 ande
519 1258 659 1345 digressa
681 1267 727 1322 est
745 1258 853 1324 oratio.
877 1254 1029 1326 Habemus
1052 1266 1128 1330 enim
1152 1270 1225 1336 daos
1291 1261 1301 1278 ⁸

116 1366 193 1430 alios
216 1367 298 1431 locos
319 1367 350 1430 in
377 1364 470 1429 Arist.
498 1363 626 1450 fabulis,
655 1365 706 1430 ubi
734 1363 844 1428 mentio
874 1364 905 1428 fit
935 1367 1062 1434 Orestis,
1112 1372 1147 1437 In
1167 1375 1224 1444 nv.
1332 1353 1352 1386 ⁷

116 1493 144 1536 v.
167 1473 228 1540 712
248 1480 348 1537 cantat
368 1472 475 1535 chorus
497 1470 616 1555 avium,
646 1491 680 1534 se
702 1470 774 1534 anni
795 1479 989 1554 tempestates
1018 1475 1151 1542 indicare
1171 1481 1226 1546 ho.

116 1578 255 1666 minibus,
277 1573 341 1674 εἶτα
362 1572 392 1640 δ’
413 1572 542 1660 ’Ὀρέστῃ
562 1581 691 1658 χλαῖναν
711 1570 866 1658 ὑφαίνειν,
888 1575 1006 1663 ἵναμὴ
1026 1580 1126 1664 ῥινῶν
1151 1580 1226 1653 ἀπο.

114 1683 187 1771 δύη.
228 1685 267 1750 lit
286 1684 317 1748 in
338 1681 467 1748 Acharn.
490 1703 520 1748 τ.
545 1682 624 1752 1166
645 1681 721 1746 haec
740 1683 895 1766 leguntur:

197 1808 262 1882 elau
282 1808 419 1891 κατάξειέ
439 1835 484 1888 τις
504 1806 604 1878 αὐτοῦ
623 1807 753 1894 μεθύων
770 1815 826 1895 τῆς
845 1814 983 1896 κεφαλῆς
1000 1810 1146 1903 Ὀρέστης

194 1941 399 2008 μαινομενος.

196 2057 327 2124 Verbum
353 2051 540 2140 μαινόμενος
566 2053 673 2140 duplici
699 2055 787 2118 modo
815 2055 887 2122 lieet
915 2057 1125 2149 interpretari,
1161 2067 1226 2130 sive

115 2164 193 2253 quod
214 2177 282 2230 erat
303 2161 487 2252 cognominis
505 2160 567 2226 filio
589 2160 839 2248 Agamemnonis,
861 2161 926 2226 sive
949 2164 1026 2248 quod
1047 2167 1077 2232 in
1098 2169 1225 2236 furando
1266 2233 1269 2242 (

113 2271 254 2338 simulare
271 2271 388 2334 solebat
403 2267 564 2352 insaniam,
589 2287 675 2351 qnam
697 2268 975 2352 interpretationem
996 2274 1110 2356 profert
1132 2277 1225 2345 schol.

114 2375 153 2444 ad
174 2375 232 2440 Av.
259 2397 289 2440 v.
312 2377 389 2442 7122
415 2368 560 2478 Ὀρέστης
588 2374 704 2458 μανίαν
722 2372 989 2457 προσποιούμενος
1008 2374 1043 2440 ἐν
1062 2382 1106 2466 τῷ
1126 2378 1227 2448 σκότει

112 2480 187 2560 τοὺς
207 2477 398 2564 ἀνθρώπους
418 2473 558 2546 ότιέδυεν.
588 2489 594 2496 “
697 2495 700 2502 ’

197 2587 232 2654 Ιιι
255 2587 374 2674 agmine
405 2584 589 2650 adulatorum
618 2583 708 2652 etiam
731 2584 905 2651 Cleooritnm
933 2586 1027 2652 fuisse
1055 2587 1225 2658 Meinekius

116 2693 241 2779 oonjeeit
263 2715 302 2759 ex
327 2691 420 2758 schol.
441 2689 535 2756 Arist
562 2689 620 2753 Av.
649 2711 678 2753 v.
707 2691 785 2756 8772
812 2687 1003 2778 ἐκωμῳδεῖτο
1022 2690 1056 2758 δὲ
1075 2689 1119 2772 ὦς
1140 2694 1226 2776 ξένος

114 2800 167 2866 καί
187 2799 344 2884 δυσγενής.
388 2793 573 2879 Σύμμαχος·
599 2797 781 2880 προείρηκεν
802 2793 850 2860 ὅτι
870 2794 957 2875 ξένος
983 2798 1034 2862 καί
1051 2798 1129 2884 τιίχα
1149 2801 1226 2868 ὑπο·

115 2905 238 2992 κριτής,
265 2909 328 2971 νῦν
354 2901 388 2972 δὲ
415 2901 607 2987 ἐμφαίνεται,
637 2899 685 2967 ὅτι
706 2900 837 2988 κοίτην
857 2901 1163 2992 ὅψινστρουθοίόης.
1183 2943 1226 2960 -

94 3092 97 3099 Ι
116 3013 170 3080 καί
189 3015 265 3090 ἴσως
284 3010 386 3096 ἕτερος
409 3007 516 3094 tosto
536 3012 595 3075 τοῦ
621 3005 695 3094 παρ’
718 3004 872 3076 Εὐπόλιδι
891 3009 926 3075 dv
946 3010 1068 3096 Δήμοις
1088 3013 1139 3078 καί
1154 3014 1226 3081 Κό-

114 3120 210 3200 λαξιν.
232 3118 319 3186 Alter
337 3117 419 3183 loous
441 3115 478 3180 de
501 3116 647 3180 Gleoorito
670 3115 795 3179 occurrit
815 3115 845 3210 in
858 3117 950 3182 Arist.
964 3117 1059 3184 Ranis
1081 3142 1110 3183 v.
1128 3123 1226 3189 14372

323 3249 370 3313 Et
384 3269 430 3322 τις
450 3243 607 3326 τττεριίσας
628 3243 818 3330 Κλεόκριτον
838 3247 991 3335 Κινησίᾳ,

323 3355 441 3438 αἴροιεν
462 3342 558 3435 αὖραι
577 3355 724 3435 πελαγίαν
744 3347 823 3433 ὑπὲρ
843 3349 953 3415 πλόκοι.

198 3481 320 3567 Soidas,
344 3484 420 3546 hano
440 3483 533 3546 locum
555 3482 661 3566 citano,
685 3481 776 3543 habet
797 3475 983 3563 Λεώκριτον.

196 3587 310 3654 Veram
340 3607 409 3652 esse
434 3587 580 3652 Meinekii
608 3585 806 3672 conjecturam
834 3609 909 3651 nuno
937 3601 1064 3673 apparet
1092 3591 1223 3656 eschol.

118 3695 156 3759 ad
177 3695 255 3759 Ran.
281 3697 360 3762 1437
386 3693 543 3757 secundom
569 3693 728 3757 Fritzsohii
749 3693 972 3758 emendationes
995 3693 1033 3757 ad
1055 3693 1130 3758 Rau.
1154 3696 1174 3758 l.
1203 3693 1223 3760 l.

14 3825 18 3830 ·
115 3797 158 3878 ὦς
178 3795 285 3874 λεπτὸς
305 3798 429 3884 σφόδρα
448 3797 496 3865 τόν
517 3800 594 3882 (εοίΙ.
619 3794 636 3864 ὁ
657 3798 856 3881 Κλεόκριτος)
884 3799 1075 3886 κωμῳδεῖται
1102 3799 1156 3865 καί
1182 3797 1226 3879 ὦς

115 3904 203 3987 ξένος
221 3903 275 3970 καί
295 3899 337 3980 ὥς
354 3904 456 3985 κόλαξ.
498 3903 640 3991 ἐμνήσθη
672 3902 707 3970 δὲ
731 3903 848 3971 τούτου
876 3906 934 3970 τοῦ
955 3908 1146 3991 Κλεοκρίτου
1171 3908 1226 3974 καί

114 4017 173 4080 τοῦ
188 4013 344 4098 Κινησίου
361 4007 405 4088 ὥς
424 4009 698 4097 ὁμοφρονούντων.
716 4011 804 4077 'Nam
827 4011 904 4098 quod
925 4011 974 4076 hie
987 4010 1099 4100 legitur
1118 4011 1222 4097 κόλαξ,

113 4121 144 4186 id
165 4120 277 4206 optime
298 4117 476 4205 quadratio
496 4127 631 4184 nostram
650 4118 789 4184 subdam.
833 4117 1008 4183 Cloooritnm
1029 4131 1128 4186 anum
1148 4129 1222 4208 non}

1011 4234 1058 4302 3⁶
