2938 4896
683 397 940 472 ‹philo›

256 593 308 658 uhi
327 590 514 657 scribendam
536 611 605 656 esse
627 589 730 654 eund.
753 587 973 676 Falehonharg.
993 585 1031 654 τὸ
1052 585 1086 654 di
1107 585 1260 676 &pyrinton
1280 591 1377 653 nutet

258 721 309 764 m
330 697 471 782 χρήματα
499 695 556 762 aul
580 693 732 780 νόμισμα,
760 687 871 780 dense
893 693 947 762 toul
973 693 1009 760 td
1030 698 1166 779 ppvdtov.
1187 690 1323 778 ἀργύρια
1342 693 1377 762 δὲ

255 803 338 873 mdc
358 809 479 889 nitidos
500 801 611 887 ἥκιστα
631 799 777 886 thyovow
793 797 941 870 'Aestuet’
970 803 1087 886 εἶοηιαι
1107 799 1140 870 δέ
1160 825 1224 867 stou
1246 799 1283 867 dv
1305 806 1375 867 lina

256 911 343 1002 κάλῳ
373 911 426 978 καὶ
448 908 570 996 Neptem
594 905 845 994 Ἀριοτοφάνους.
896 907 1008 973 Ibidem
1040 922 1122 975 reete
1148 907 1372 996 animadvertit,

257 1020 291 1084 ἰ
309 1011 520 1103 Aristophanis
543 1037 632 1082 versu
654 1037 671 1080 e
693 1015 937 1102 Daetalensihue,
959 1037 1046 1101 quem
1069 1013 1159 1080 affert
1179 1015 1292 1079 Pollux
1303 1013 1371 1100 llll,

261 1127 321 1193 1ῖο
343 1137 432 1208 atque
453 1121 509 1208 lX,
529 1123 585 1208 88,
609 1122 795 1188 smihendum
815 1143 899 1208 esee,
921 1117 1001 1187 Οὐδ’
1026 1107 1145 1205 rippale?
1165 1119 1228 1186 leel
1247 1145 1374 1188 aurent-

258 1225 491 1314 nepptuetoptdvot,
514 1250 600 1315 quam
625 1229 863 1296 emendationem
879 1227 904 1294 F
906 1229 1058 1316 mtzschio,
1083 1249 1142 1292 non
1162 1228 1222 1294 sihi
1240 1229 1373 1294 tribuere

260 1338 389 1404 debehat
409 1333 559 1422 Rergltiue
587 1334 627 1398 ad
653 1333 856 1400 Daetalenses
885 1356 915 1422 p.
945 1337 1035 1404 1043.
1077 1333 1221 1418 Addidit,
1248 1335 1372 1400 eundem

260 1444 403 1531 pluralem
427 1441 517 1505 etiam
538 1440 568 1505 in
590 1440 703 1506 Avibus
726 1463 754 1505 v.
778 1441 840 1508 600
869 1455 899 1504 et
921 1440 1059 1505 Platonis
1081 1440 1265 1528 Cleophonte
1295 1442 1373 1530 apud

259 1548 491 1614 Antiattioistam
512 1545 647 1614 Bekkeri
669 1568 698 1637 p.
721 1540 775 1636 ⁵19,
793 1549 834 1614 20
855 1546 1004 1612 inventum
1028 1568 1106 1610 esse.
1149 1545 1194 1610 lle
1222 1549 1289 1636 ipso
1319 1569 1371 1614 au-

259 1664 319 1720 tem
342 1655 534 1720 atticistarum
557 1654 676 1718 decreto
707 1675 783 1740 quae
805 1647 987 1718 Fritzsohius
1008 1652 1028 1716 l.
1051 1653 1072 1717 l.
1096 1654 1198 1738 paucis
1222 1654 1310 1740 dixit,
1334 1676 1371 1719 ea

258 1761 304 1828 aio
324 1761 519 1847 intelligenda
539 1773 618 1826 eunt.
661 1761 764 1847 Negat
784 1759 893 1826 Pollux
910 1756 973 1846 Jx,
994 1759 1049 1846 89,
1071 1753 1206 1844 ἀργύρια
1227 1759 1302 1846 satis
1325 1774 1371 1824 at-

253 1863 316 1936 'dee
339 1867 477 1954 usurpari
498 1867 562 1954 „de
583 1865 748 1954 pecunia,“
771 1887 867 1952 neque
889 1887 964 1931 vero
985 1866 1074 1952 plane
1097 1880 1192 1951 negat
1210 1866 1287 1932 hanc
1307 1867 1372 1953 plu·

256 1975 352 2041 talem
374 1995 443 2038 esse
465 1974 595 2042 atticum.
623 1973 727 2060 ltaque
748 1973 860 2040 Pollux
879 1972 1011 2038 fortasse
1033 1973 1076 2038 sie
1095 1974 1217 2048 censuit,
1239 1967 1373 2057 ἀργύρια

258 2084 348 2146 attice
370 2055 569 2144 lantnmmodo
593 2079 647 2144 dici
671 2076 734 2165 „de
757 2079 877 2168 argenti
897 2077 1049 2164 fodinie,“
1072 2079 1153 2144 ouius
1172 2077 1287 2164 quidem
1302 2102 1371 2146 neus

257 2186 346 2273 plura
367 2185 506 2272 exempla
525 2184 618 2250 hahet
638 2184 830 2272 Xenophon,
855 2194 886 2252 ut
906 2185 936 2250 in
959 2184 1146 2250 Memorahih
1168 2184 1216 2272 ll,
1245 2188 1277 2273 5,
1299 2188 1320 2254 2
1341 2201 1372 2250 et

256 2289 431 2378 111,6,1a
458 2288 618 2376 Aliquanto
640 2292 757 2376 melius,
779 2311 867 2378 quam
887 2291 1010 2378 Pollux,
1032 2290 1221 2379 Phrynichus
1242 2293 1372 2358 attidem
1454 2289 1455 2320 ¹

256 2398 290 2466 in
312 2397 433 2464 scholiis
457 2395 496 2462 ad
506 2397 608 2464 Nuhee
630 2420 658 2464 v.
682 2400 741 2466 755
763 2398 907 2486 pluralem
928 2392 1062 2482 ἀργύρια
1083 2397 1120 2463 de
1141 2399 1268 2484 peuenia
1288 2399 1368 2486 posi·

256 2520 317 2577 tum
332 2504 450 2570 cuminis
466 2503 736 2591 poetiepraecipue
758 2505 870 2587 trihuit,
892 2505 1001 2588 quien
1024 2505 1200 2590 saepissime
1223 2505 1266 2572 ita
1286 2519 1371 2572 utun·
1453 2569 1454 2592 ἶ

257 2620 315 2677 tur.
358 2610 529 2676 Prudenter
551 2621 650 2673 tamen
675 2609 757 2676 addit
771 2609 974 2696 Phrynichus,
998 2610 1088 2684 etiam
1105 2611 1295 2698 Sophrenem
1316 2634 1370 2676 ee·

258 2718 324 2782 dem
339 2716 425 2780 modo
443 2715 536 2804 loqui,
560 2730 591 2781 et
606 2739 679 2782 vero
700 2716 811 2782 addere
835 2728 954 2802 poterat
975 2717 1149 2803 scriptorem
1173 2717 1221 2783 vel
1242 2719 1371 2782 maxime

258 2823 389 2909 atticum,
412 2821 571 2891 Platonem
592 2820 639 2887 lle
660 2821 838 2911 LegihueV
855 2844 885 2909 p.
901 2825 963 2889 tta
985 2821 1055 2908 (III.
1071 2820 1102 2887 ΙΙ
1117 2845 1146 2911 p.
1160 2826 1218 2891 401
1243 2823 1369 2911 Bello),

256 2928 363 3016 quide
385 2949 498 3015 magna
529 2930 560 2993 vi
589 2929 653 2994 auri
683 2941 713 2992 et
734 2929 854 3016 argenti
874 2931 985 3011 χρυσία
1005 2929 1058 2995 καὶ
1080 2925 1213 3014 ἀργύρια
1236 2939 1368 3017 usurpat

255 3034 360 3101 Redeo
388 3034 431 3100 ad
456 3035 549 3100 locum
577 3034 742 3120 Eupolidis.
791 3033 826 3098 ln
849 3056 905 3120 quo
935 3049 966 3099 et
987 3036 1233 3122 simplicissimum
1264 3050 1312 3102 est
1339 3045 1369 3101 et

254 3140 467 3227 rectissimum,
502 3137 539 3207 ed
567 3143 696 3226 χρυσίον
726 3153 756 3205 et
783 3135 935 3223 τᾶργύρια
964 3141 1000 3207 de
1027 3143 1127 3208 aureis
1156 3143 1368 3230 argenteisque
1397 3127 1403 3134 ¹

253 3245 386 3321 nummis¹
406 3246 611 3334 interpretari.
663 3244 849 3332 Quamquam
873 3247 1044 3316 Meinekius
1077 3269 1106 3335 p.
1128 3249 1190 3316 495
1217 3243 1369 3334 udppuipun

253 3353 283 3418 h.
296 3352 315 3416 Ι.
339 3351 376 3417 de
398 3353 481 3418 vasis
504 3353 660 3439 argenteio
683 3352 961 3441 atoiperevidetur,
985 3355 1096 3441 optima
1109 3374 1184 3421 saue
1208 3357 1367 3422 seumntia.

252 3456 292 3522 At
321 3479 442 3542 vereor,
467 3473 498 3524 ut
525 3459 697 3524 vomhulum
726 3453 880 3544 ἀργύριον
905 3459 983 3526 hane
1007 3457 1120 3526 hahere
1148 3461 1246 3548 possit
1271 3462 1369 3549 signi·

251 3561 428 3654 linationem.
473 3563 540 3631 Non
561 3564 671 3631 rectius
693 3587 753 3651 ego
776 3566 937 3652 aliquande
957 3567 1053 3635 verha
1071 3561 1223 3656 eulppdpta
1242 3573 1369 3651 πορθεῖ-

249 3691 300 3733 ται
321 3668 364 3734 sio
384 3668 535 3734 intellexi:
559 3671 706 3754 „argenti
728 3671 850 3736 fodinae
872 3672 1081 3758 expilantur.“
1121 3674 1369 3740 llhrertahantur
1450 3649 1451 3703 l

251 3773 322 3836 mihi
344 3785 403 3838 tum
425 3774 482 3836 duo
504 3772 715 3860 Xenophontis
738 3776 807 3862 loti,
830 3799 904 3864 qnos
926 3778 1025 3867 paullo
1050 3790 1119 3842 ante
1142 3779 1236 3844 atttrli.
1266 3780 1365 3846 Prae-

250 3888 337 3942 terea
358 3901 375 3940 e
397 3877 597 3964 Xenophonte
621 3879 741 3970 seimus,
765 3881 963 3972 Hipponicum
977 3883 1091 3948 Calliae
1105 3898 1222 3970 patrem
1236 3906 1366 3948 sexcen-

250 3992 297 4046 tos
320 4002 427 4046 servos
457 3982 486 4046 in
508 3985 638 4050 metallis
660 3987 814 4071 hahuisse,
845 4008 922 4074 quae
951 3987 1062 4053 Callias
1090 3990 1156 4054 sine
1186 3989 1273 4055 duhio
1296 3990 1366 4074 jure
1449 3963 1450 4023 l

248 4085 432 4155 hereditario
451 4102 621 4177 acceperat.
665 4091 805 4160 Attamen
827 4105 857 4156 et
871 4093 963 4158 nimia
984 4094 1060 4158 haec
1080 4095 1178 4160 lutura
1202 4105 1286 4158 essm
1308 4093 1362 4177 hy-

246 4191 368 4276 perbole
390 4207 421 4258 et
442 4195 566 4261 ohstare
588 4197 705 4264 videtur
726 4200 791 4266 huie
809 4199 1004 4286 explicationi
1025 4199 1067 4286 id,
1091 4201 1169 4286 quod
1191 4197 1279 4265 modo
1303 4217 1360 4266 an·
1448 4273 1449 4282 χ
