2938 4896
546 397 869 506 «natta,-¹

92 616 184 679 qno
200 593 343 660 Socrates
367 591 495 656 omnium
510 590 659 658 hominum
679 587 917 687 sapientissimus
933 602 981 654 est
989 589 1150 677 judicatus,
1173 613 1243 658 me·

124 701 272 766 minerunt
292 698 416 784 multi‚'
408 720 438 762 m
460 697 507 762 his
524 695 614 762 Plato
636 695 724 783 Apol.
746 693 830 760 Soet.
850 717 878 782 p.
901 696 958 780 215
987 695 1089 762 Valer
1111 697 1235 764 Maxim.

122 801 696 891 111‚4;Di0g.uant.ll,37.
725 800 791 864 Hos
819 800 987 866 duumviros
1015 799 1235 890 Aristophanes

118 911 151 973 in
172 910 305 978 Nubibus
327 911 357 974 in
371 927 489 975 scenam
512 852 664 996 prbduxit,
688 927 799 991 eosque
823 906 907 970 nimis
930 907 1041 972 acriter
1061 908 1233 998 castigavit.

122 1016 167 1080 df.
189 1015 266 1082 Nnb.
290 1039 317 1080 v.
341 1017 417 1100 1045
439 1015 518 1100 5035
540 1014 619 1096 8315
644 1013 732 1080 1465.

209 1146 316 1232 Pergo
343 1166 419 1208 nunc
442 1142 481 1206 ad
509 1141 605 1225 alios,
634 1139 671 1203 tle
703 1141 806 1225 quibus
832 1129 999 1226 anonymus
1026 1141 1176 1227 Suidael)
1206 1167 1231 1211 s.

120 1255 319 1336 Βομβοῦοινε
341 1249 395 1314 καὶ
415 1249 446 1314 ol
466 1246 535 1330 περὶ
556 1241 614 1330 τὴν
625 1247 799 1310 Διονυσίου
809 1249 998 1329 βομβοῦντες
1017 1245 1168 1331 τράπεζαν
1180 1250 1233 1314 καὶ

119 1359 148 1423 ολ
164 1357 231 1442 κερλ
252 1353 311 1442 τὴν
328 1351 530 1437 Ἀλεξάνδρου
555 1347 719 1436 μεμηνότες
748 1352 839 1417 δαῖτα
858 1351 915 1417 καλ
931 1361 1033 1437 χεῖρα,
1062 1353 1116 1418 καὶ
1145 1353 1232 1420 ἄλλοι

115 1461 150 1529 δὲ
170 1464 222 1530 καὶ
243 1461 330 1528 ἄλλοι
349 1453 396 1528 ὦν
417 1457 513 1538 εἶκον,
532 1455 692 1543 Ὀρέσνης,
721 1462 884 1542 Μαρψίας,
906 1461 1046 1525 Καλλίου
1066 1464 1125 1527 τοῦ
1141 1455 1233 1547 Ἀθη-

116 1573 211 1637 ναλου
230 1567 358 1646 κόλακες
379 1565 439 1633 σὺν
459 1564 582 1650 ἑτέροις,
605 1584 681 1648 qnae
695 1563 864 1628 Meineltius
887 1564 955 1628 bist.
978 1564 1042 1630 erit.
1065 1587 1095 1653 p.
1120 1563 1232 1634 13'lad

118 1690 253 1742 nostram
274 1674 430 1740 revocavit
448 1671 578 1736 fabulam
601 1683 632 1734 et
651 1670 803 1754 utriusque
826 1669 884 1734 viri
912 1669 1029 1755 aliquas
1051 1671 1081 1734 in
1102 1693 1140 1737 ea
1159 1693 1231 1759 par·
1282 1677 1284 1686 “

118 1795 164 1846 tes
185 1782 278 1846 fuisse
300 1779 435 1865 conjecit.

199 1912 244 1976 Ac
263 1909 419 1995 Marpsiae
450 1905 585 1992 quidem,
613 1906 640 1968 si
667 1925 755 1969 onom
777 1906 935 1998 epoeperis
958 1906 1064 1989 locum,
1085 1928 1230 1992 nusquam

115 2017 227 2082 mentio
248 2016 299 2105 lit.
347 2011 568 2100 Aristophanes
599 2008 676 2072 enim
708 2008 739 2072 in
757 2007 897 2074 'Acharn
924 2031 1014 2074 senes
1046 2011 1131 2076 ebori
1159 2014 1231 2078 facit

115 2133 352 2208 conquerentes,
381 2139 491 2203 sanes,
516 2117 564 2202 qni
586 2114 716 2180 inbelle
739 2137 869 2180 summos
896 2116 1017 2181 labores
1041 2135 1076 2180 ae
1097 2119 1230 2204 pericula

115 2228 260 2293 subierint
281 2239 459 2310 strenueque
480 2223 660 2310 pugnarint,
691 2244 767 2285 nune
787 2220 911 2306 indigno
942 2221 1029 2285 modo
1052 2221 1083 2285 in
1104 2223 1171 2288 loro
1194 2244 1230 2290 ae
1331 2215 1335 2226 ⁸

75 2371 77 2380 ·
111 2332 230 2420 judiciis
253 2332 290 2394 ab
308 2331 466 2415 juvenibus
488 2328 584 2412 iisque
607 2326 692 2390 malis
714 2324 901 2411 pessumdari
924 2338 954 2388 et
975 2325 1057 2390 addit
1076 2307 1109 2392 u.
1131 2331 1189 2397 701

322 2463 401 2552 πρὸς
420 2464 492 2532 τάδε
512 2466 558 2542 τίς
579 2460 700 2548 ἀντερεῖ
718 2465 887 2546 Μαρψίαςς
947 2505 953 2510 -

115 2609 164 2673 nbi
182 2608 274 2672 schol.
292 2596 395 2682 Οὗτος
415 2601 433 2670 ὁ
455 2606 609 2689 Μαρψίας
629 2599 805 2688 φιλόνεικος
823 2599 876 2666 καὶ
897 2599 1039 2686 φλύαρος
1059 2602 1110 2670 καλ
1132 2611 1228 2690 θορυ-

115 2712 218 2799 βώδης
239 2712 344 2798 ῥήτωρ
365 2711 564 2798 κωμῳδεῖται.

177 2819 375 2884 nostrone
397 2818 499 2904 plures
519 2815 577 2880 looi
603 2821 670 2878 sunt
697 2813 727 2874 in
749 2819 884 2897 promtu,
917 2813 966 2896 qui
993 2835 1059 2876 eum
1080 2815 1226 2881 famosum

114 2968 345 2981 *nnn—nau*—

144 3045 172 3113 *t
191 3045 262 3098 Hune
280 3061 431 3112 anonymum
450 3044 499 3098 viri
519 3043 588 3096 docti
603 3038 913 3096 observarnntAelianmn
928 3039 1018 3109 fuisse,
1039 3043 1086 3096 sed
1104 3059 1179 3115 qurum
1194 3045 1226 3100 de

109 3147 158 3184 uno
178 3141 276 3184 tantum
295 3128 395 3182 Aeliani
414 3127 468 3180 loeo
487 3127 656 3196 rogitassent,
677 3123 772 3178 Suidae
791 3121 894 3190 glossas
912 3121 1079 3178 confoderunt
1098 3127 1225 3182 diversas.

108 3215 143 3284 At
161 3211 255 3268 Srridas
275 3230 325 3266 nou
342 3229 434 3279 utrum,
453 3209 500 3262 sed
526 3208 589 3262 dnos
613 3207 693 3262 babet
717 3204 832 3274 ejusdem
850 3203 948 3256 Aeliani
969 3205 1077 3276 loeos,
1070 3226 1096 3262 tn
1121 3227 1225 3280 quorum

108 3277 188 3350 altero
208 3294 332 3366 agebatur
355 3293 385 3347 de
404 3293 478 3346 Albio
496 3290 598 3345 Antonii
616 3289 740 3361 parasito,
759 3288 784 3340 in
803 3287 883 3340 altero
904 3299 988 3340 autem
1007 3290 1039 3342 de
1057 3291 1130 3343 Junio
1149 3292 1225 3346 trium

107 3379 220 3431 virorum
238 3377 359 3448 parasito.
394 3375 505 3428 Alterius
524 3374 583 3443 looi,
610 3372 649 3443 qui
669 3371 702 3424 ad
719 3369 819 3423 Albium
837 3381 937 3436 spectat
944 3406 953 3436 ,
972 3383 1065 3472 partes
1078 3385 1184 3427 exstant
1201 3391 1224 3429 s

107 3459 266 3530 Λεώνυμον.
285 3457 422 3526 Διώννμοι
440 3456 554 3514 κόλακες
571 3458 619 3508 καὶ
636 3455 836 3550 κεκηρυγμένον
855 3453 1035 3553 περιηχοῦοιν
1052 3453 1132 3523 ἡμας,
1150 3458 1225 3510 Κλεί

109 3547 197 3613 σοφοί
212 3562 241 3597 τε
259 3544 307 3595 καὶ
327 3543 479 3610 Στρουθίαν
503 3541 550 3592 καλ
570 3537 704 3610 Θήρωνες,
723 3537 771 3593 καὶ
795 3535 822 3585 ol
838 3535 901 3603 περὶ
926 3535 974 3600 κήν
991 3537 1132 3590 Διονυάίου
1150 3546 1224 3610 βομ-

106 3628 217 3695 potens
239 3625 391 3699 τράπεζαν,
417 3625 464 3674 καὶ
484 3624 511 3674 ολ
535 3621 598 3690 περὶ
622 3619 672 3683 τὴν
688 3615 865 3685 Αλεξάνδρου
885 3617 1091 3686 μεμηνότες-
1109 3627 1223 3690 snog-

105 3710 216 3778 ssodotr:
228 3705 576 3778 -μεμηνότεςδαῒτακαλ
593 3707 686 3772 χεῖρα,
707 3701 754 3752 καὶ
773 3699 849 3752 ἄλλοι
869 3697 899 3774 di
917 3702 964 3752 καλ
985 3694 1100 3754 ἄλλοι
1079 3721 1118 3754 ων
1135 3702 1222 3765 εἶκον,

102 3793 234 3864 Ὀρέστης,
252 3795 395 3860 Μαρψίας,
423 3790 540 3842 Καλλίου
558 3805 606 3839 τοο
622 3787 768 3848 Ἀθηναίου
786 3782 900 3841 κόλακες
917 3783 969 3834 οὐν
985 3784 1086 3854 ἑτέροις
1102 3787 1149 3836 καὶ
1171 3785 1220 3841 aar

105 3874 182 3948 παρὰ
196 3871 341 3941 Ῥωμαίοις
354 3875 467 3942 Αλμιος,
486 3874 656 3940 ὄνομα-ε.
669 3865 812 3934 '‘Alsstoc
791 3880 900 3918 srvos.
903 3864 1100 3927 Ὑπαικάλλων,
1120 3881 1145 3921 et
1163 3887 1222 3939 pnr-

106 3961 186 4013 tims,
199 3955 314 4020 Φάτνη;
333 3955 471 4024 (ulmoy)
489 3954 560 4014 ἐς
532 3973 582 4019 την
599 3948 706 4002 lnnuidu
725 3949 816 4008 τελῶν,
835 3947 884 4012 τὴν
897 3948 1039 4005 Ἀντωνίου
1060 3951 1224 4018 deponerem
1292 3939 1320 4018 *-

104 4029 152 4095 νἰαλ
169 4037 378 4094 ὑπαικαλλων“
359 4056 419 4105 αμα
438 4035 554 4105 φάτνην.
598 4034 638 4088 De
662 4033 741 4085 altero
767 4029 833 4100 apud
852 4031 959 4084 Suidarn
985 4031 1038 4085 loeo
1055 4034 1154 4088 Aeliani
1175 4037 1221 4090 Ju-

106 4125 175 4178 nium
197 4122 336 4194 parasitum
356 4117 525 4174 describentis
543 4135 619 4189 supra
644 4115 739 4170 dicturo
764 4127 812 4171 est.
846 4113 946 4167 Albium
969 4115 1093 4199 quendam
1111 4120 1221 4173 Antonio

108 4208 235 4276 aeqttalern
254 4205 392 4276 cognitum
403 4199 483 4258 babeo
505 4219 538 4256 ex
553 4202 641 4256 Horat.
661 4199 719 4254 Sat.
735 4197 756 4266 l,
774 4197 801 4265 4,
818 4197 853 4256 28
870 4209 896 4252 et
912 4190 1046 4254 ibidem
1025 4215 1050 4253 v
1073 4202 1128 4260 109.
1149 4231 1183 4242 -

990 4299 1010 4365 3
