2938 4896
565 447 619 491 «ο
668 429 716 498 21
769 438 824 482 0²*

218 643 247 684 v.
271 615 546 702 15.ε1νας17ιμες
567 617 700 684 Venetus
728 633 760 683 et
779 617 1016 706 Laurentianus,
1046 617 1133 698 εἶπας
1153 621 1249 707 ἔλεγες

133 725 304 811 Palatinus,
328 722 535 809 εδννςτέδεμον
552 724 618 790 eoa
647 725 714 789 Atn.
737 725 864 790 tarano.
877 726 1029 792 Palmaria
1050 751 1123 793 vero
1146 749 1247 796 emcn-

133 831 216 894 datio
245 846 294 894 ost
321 830 474 918 Porsoni‚
504 832 553 918 qui
580 852 639 895 una
665 843 778 895 numm
799 831 889 895 litera
917 832 1017 897 deleta
1046 834 1165 919 scripsit
1191 829 1246 900 εἶν’

133 932 265 1020 ἀσελγές,
288 937 365 1022 quod
386 938 514 1026 egregie
535 936 685 1002 stabilitur
704 937 876 1023 fragmento
891 939 942 1002 iiio
960 961 999 1003 ex
1014 939 1120 1086 Eupo!
1146 945 1247 1024 Πμοσ»

131 1046 219 1107 ruht.
240 1063 291 1128 ap.
314 1043 407 1107 schol.
429 1043 574 1154 Vospv.
596 1044 657 1108 57·
745 1071 749 1082 ·

175 1253 179 1260 ,
300 1183 337 1251 τὸ
357 1181 473 1272 uuuipp'
495 1181 617 1274 ἀσελγὲς
637 1189 690 1257 καὶ
711 1151 906 1276 Meyupttuiv,
955 1150 960 1170 i

124 1332 171 1402 ,de
192 1354 258 1416 quo
277 1333 390 1398 videsis
410 1299 593 1402 Meinehiuui
614 1336 718 1457 Frgm.
741 1336 782 1426 ll,
811 1335 877 1421 lp.
900 1338 972 1405 522.
1025 1339 1139 1406 Chorus
1168 1342 1245 1412 eninr

132 1458 234 1524 supra·
246 1438 333 1523 dixit,
356 1441 509 1524 parasitos
531 1442 560 1509 iu
582 1443 728 1509 conviviis
751 1452 892 1528 oportere
912 1445 1055 1526 χαρίεντα
1080 1443 1180 1512 aaut
1199 1443 1244 1515 tt

130 1543 237 1626 peuri.
253 1565 280 1608 e.
294 1543 394 1608 faceta
416 1547 512 1636 diota5
534 1570 609 1614 nuno
630 1561 728 1614 autom
749 1548 836 1614 nohis
858 1548 985 1632 aliquem
1006 1551 1158 1647 proponit,
1181 1553 1242 1640 qui,

131 1669 218 1734 quum
239 1639 296 1715 huc
316 1670 399 1716 moro
425 1653 563 1738 neglectu
591 1654 723 1718 rustice
720 1655 824 1739 jocari
851 1656 1021 1745 coepisset,
1053 1657 1163 1741 ejecms
1189 1659 1241 1744 sit,

132 1755 211 1840 quud
232 1755 374 1822 evenisso
395 1757 464 1822 dicit
484 1758 634 1824 Acesturi.

212 1892 247 1957 ln
274 1894 333 1958 hue
360 1915 468 1961 versus
494 1909 576 1964 recte
597 1893 714 1981 θύραζε
735 1897 801 1962 sine
823 1900 1008 1985 apostrophu
1030 1901 1154 1967 Grotius
1186 1923 1241 1989 pro

128 1995 243 2086 θύραζ’
268 1999 327 2083 (ita
347 2014 428 2066 certe
449 2000 561 2086 PVL)

212 2163 240 2204 v.
261 2141 309 2208 16.
344 2139 444 2205 Metro
458 2141 605 2207 satisfecit
618 2141 820 2230 Hermastus,
844 2162 898 2229 pro
920 2138 1047 2227 ἀγαγὼν
1069 2145 1127 2230 (ita
1143 2141 1240 2230 Pvt)
1310 2205 1312 2216 1
1360 2211 1361 2218 ,

128 2266 280 2330 reponens
300 2244 459 2329 ἐξαγαγών
465 2296 477 2336 ,
506 2247 536 2311 it
557 2249 635 2332 quud
657 2263 764 2333 postea
785 2249 970 2316 confirmavit
997 2251 1075 2316 hiber
1096 2252 1239 2318 Venetus,

104 2349 192 2429 ,Pro
214 2346 321 2415 κλοιόν
341 2351 473 2416 fortasse
495 2353 679 2418 scribendum
700 2352 823 2441 κδῳόν,
846 2356 888 2418 uti
905 2357 968 2440 jam
996 2357 1102 2421 suadet
1123 2359 1240 2424 Meine-

128 2457 206 2521 kius.
247 2456 295 2522 lta
321 2457 480 2544 Euripides
508 2459 538 2522 in
560 2459 640 2546 Cyri.
668 2484 696 2524 v.
719 2461 780 2526 235
801 2463 893 2550 cippi
913 2459 1065 2545 τριπήχει,
1095 2465 1132 2528 ad
1155 2486 1240 2549 quem

127 2565 441 2653 looumhhrsgraviusr
465 2563 654 2650 „Atticorum
677 2587 715 2630 ea
729 2569 948 2654 orthographia
962 2583 1020 2654 ost,
1043 2568 1240 2658 Aristophani

127 2693 188 2736 non
210 2672 347 2759 neglecta
367 2670 462 2760 ¹Vesp.
485 2695 512 2736 v.
535 2671 635 2738 8975(
667 2672 732 2738 Νοο
752 2673 901 2759 discrepat
927 2675 1018 2740 schol.
1042 2676 1080 2740 ad
1102 2675 1195 2762 Vosp.
1216 2679 1238 2744 1.

128 2779 148 2844 l.
171 2775 272 2858 οὕτως
293 2779 324 2843 oi
341 2773 472 2844 Ἀττικοὶ
491 2775 548 2844 τὸν
568 2774 676 2844 κλοιὸν
697 2775 802 2866 tipho
821 2777 934 2862 ἔλεγον.
956 2780 1090 2846 Addatur
1105 2781 1238 2868 Phryni-

128 2885 199 2948 ohns
227 2883 363 2948 Bokkeri
383 2905 418 2969 ·.p
439 2885 499 2971 49,
530 2887 550 2952 5
577 2881 798 3006 Κδφομάονιξι
829 2880 971 2974 ὁκδοιῷ
991 2884 1159 2970 ,δεδεμένος
1184 2889 1239 2956 ινδ

116 2985 375 3074 ’9769701997ῡῦ

210 3127 347 3195 Ceterum
362 3131 400 3195 de
416 3130 520 3197 Oeneo
542 3151 646 3218 parum
668 3143 797 3217 constat,
820 3153 905 3217 quem
928 3131 1121 3199 Casauhunus
1143 3135 1237 3200 fuisse

126 3249 218 3327 putat
229 3235 356 3300 Athenis
382 3238 527 3324 quendam
556 3249 646 3300 notae
675 3237 822 3301 saevitiae
850 3239 899 3302 vel
927 3241 1235 3327 commentariensem,

127 3343 175 3405 vei
196 3341 338 3427 publicum
361 3362 491 3428 servum,
514 3341 563 3405 vel
585 3343 644 3406 aiio
667 3363 723 3428 qun
746 3365 868 3408 munere
888 3342 1071 3429 fungentem.
1124 3345 1235 3414 Simili

127 3455 174 3510 ter
194 3445 234 3510 Η.
257 3445 379 3510 Grotius
402 3468 467 3510 eum
488 3445 582 3511 fluisse
603 3450 665 3514 vnit
685 3449 813 3513 nobilem
834 3446 986 3517 horarium.

637 3640 706 3787 ur.

115 3881 118 3890 ⁴
207 3890 384 3958 Plutarchus
414 3895 522 3980 philos.
545 3916 614 3959 esso
643 3914 706 3960 tum
727 3891 820 3980 piinc.
850 3915 879 3982 p.
903 3895 976 3982 778,
1000 3919 1034 3961 e:
1056 3893 1158 3981 ὥσπερ
1177 3888 1238 3963 οὖν

123 3995 199 4076 τούς
220 3999 361 4065 Καλλίου
380 3997 648 4088 κωμῳδουμένους
669 3997 805 4077 κόλακας
826 3997 988 4094 δέμονσιν·
1034 3997 1080 4068 Οὐ
1097 4005 1174 4086 .πῦρρ
1197 4002 1238 4071 οὐ

123 4107 256 4191 σίδηρος,
282 4102 359 4172 οὐδὲ,
374 4104 486 4192 χαλκὸς
505 4110 596 4194 εἴργει
623 4103 666 4193 μὴ
689 4111 804 4190 φοιτᾶν
829 4105 879 4174 ἐπὶ
905 4110 1046 4192 δεῖπνον,
1075 4108 1155 4176 κατὰ
1179 4108 1237 4177 τὸν

124 4209 271 4281 Εὔπολιν.
312 4213 394 4281 Idem
417 4214 453 4281 de
475 4214 552 4280 adul.
574 4229 604 4280 et
625 4217 710 4282 amic.
733 4214 859 4282 discrim.
882 4237 911 4302 p.
933 4217 986 4302 50,
1010 4217 1045 4282 d:
1067 4213 1236 4300 minitoris
