2938 4896
523 400 779 472 «οων-

175 593 345 660 Praeterea
358 593 530 658 vocabulum
545 592 764 676 κοιλιοδαίμων
777 592 819 674 ειίις
828 588 973 677 Eupolide
994 592 1117 657 mutuati
1138 605 1207 657 sunt

94 709 125 765 et
145 701 319 766 Eustathius
342 700 451 786 Opone.
481 719 511 785 p.
540 700 613 786 209,
635 699 729 766 dlet
749 720 822 764 vero
852 697 943 762 etiam
963 695 1205 764 Athenaeuslll

92 829 122 894 p.
153 808 247 892 aaa
275 803 427 890 Folcrpctv
446 842 489 854 -
508 804 562 871 καί
592 802 805 888 κοιλιόδαιμον
831 801 994 887 ἄνθρωπε,
1024 802 1074 866 ubi
1105 816 1204 870 tamen

92 909 237 997 γάστρων
266 934 326 977 uou
355 912 426 976 item
456 934 495 975 ex
515 898 662 997 Eupolide
680 899 806 974 ¹ductum
833 909 959 973 videtur.
1011 907 1086 973 Illud
1107 923 1205 976 autem

88 1019 158 1102 jure
181 1019 303 1083 mhatur
326 1017 519 1084 casaubonus
541 1017 579 1081 ad
599 1015 708 1082 Athen.
730 1013 775 1079 Ill
798 1036 828 1102 p.
853 1016 923 1100 100,
941 1013 973 1100 b,
1002 1015 1080 1100 quod
1102 1015 1203 1102 Eupo-

92 1123 162 1188 lidis
182 1118 244 1188 vox
272 1144 396 1212 prorsus
423 1145 501 1188 nove
523 1130 667 1210 usurpata
695 1135 743 1186 est
770 1141 824 1206 pro
850 1115 1005 1184 Daemoue
1037 1141 1206 1208 ganconum

92 1229 235 1316 praeside
257 1250 276 1294 a
298 1227 448 1294 Clemente
469 1228 558 1318 Alex.
580 1230 611 1292 in
633 1228 773 1316 Pacdag.
795 1224 825 1290 Π
846 1247 874 1312 p.
901 1225 958 1293 109
981 1224 1028 1289 cd.
1050 1223 1207 1314 Lugdz-

93 1335 214 1418 δαίμων
234 1327 424 1418 καθηγεῖται
442 1326 633 1419 λιχνότατος,
664 1331 703 1400 δν
731 1331 825 1419 ἔγωγε
853 1328 914 1408 οὐκ
941 1329 982 1397 δν
1006 1332 1208 1420 αἰσχυνθείην

93 1441 327 1524 κοιλιοδαίμονα
346 1439 525 1526 προσειπεῖν
546 1467 574 1508 κ.
595 1465 621 1508 τ.
642 1446 668 1506 λ

179 1547 316 1611 Ceterum
338 1568 357 1611 a
384 1569 458 1612 voce
480 1549 701 1631 κοιλιοδαίμων
722 1545 887 1610 abhorrere
908 1544 1027 1609 videtur
1048 1543 1206 1634 Schweig-

92 1653 236 1720 haedscri
256 1653 431 1741 explicatio,
455 1654 532 1740 „qui
552 1653 723 1720 felicitatem
744 1650 1029 1738 venue.metitur‚“
1052 1653 1101 1737 qui
1122 1651 1207 1731 vides

95 1767 144 1824 tur
165 1781 278 1824 memor
298 1758 392 1823 fuisse
415 1757 626 1826 Demosthenis
647 1759 710 1824 Pro
734 1759 854 1823 Corona
874 1778 904 1844 p.
918 1758 978 1824 521
1001 1757 1078 1843 Οτῇ
1098 1757 1207 1843 γαστρί

94 1868 277 1959 μετροῦντες
297 1863 350 1930 καί
370 1871 437 1940 τοῖς
456 1867 621 1950 αἰσχίστοις
640 1863 700 1950 τὴν
718 1861 926 1947 εὐδαιμονίαν.
971 1863 1015 1928 01.
1035 1866 1125 1928 etiam
1148 1865 1207 1930 Cic.

94 1970 143 2036 lle
165 1970 236 2038 Nat.
258 1970 352 2036 Deor.
375 1970 402 2056 Ι,
425 1972 466 2038 40
488 1984 519 2034 et
538 1971 705 2046 Herodian.
727 1971 754 2057 1,
777 1971 807 2037 6.
857 1968 898 2035 At
918 1991 991 2034 vero
1015 1970 1208 2054 casaubonus

96 2099 150 2142 eos
165 2100 235 2143 esse
249 2075 499 2159 κοιλιοδαίμονας
514 2077 739 2163 iuterpretatur,
756 2098 905 2162 „quorum
913 2075 995 2140 Deus
1010 2089 1117 2140 venter
1132 2076 1208 2140 sit.“

95 2180 217 2248 Addere
237 2193 359 2270 poterat
380 2181 428 2246 vir
450 2182 594 2268 egregius
608 2182 711 2268 Eurip.
735 2181 856 2268 Cyclop.
878 2205 907 2247 v.
921 2184 994 2267 334,
1017 2181 1067 2245 ubi
1081 2180 1208 2270 Cyclops

264 2314 330 2401 όιγδ
352 2317 453 2386 odram
471 2317 545 2386 θύω
566 2315 648 2404 πλὴν
667 2315 743 2410 ἐμοὶ,
763 2324 866 2385 θεοῖσι
885 2314 917 2384 δ’
941 2316 989 2402 οδ,

261 2425 314 2492 καί
335 2429 374 2510 τῇ
394 2426 518 2512 μεγίστῃ
534 2424 648 2510 γαστρί
667 2425 742 2509 τῇδε
760 2421 928 2509 δαιμόνων.

179 2559 274 2626 Nobis
297 2561 412 2649 quidem
442 2563 623 2630 Fritaschius
654 2563 832 2628 sententiam
864 2582 948 2626 suam
979 2563 1136 2652 probavit,
1161 2563 1210 2650 qui

96 2665 399 2752 ln³praelectionibus
431 2669 651 2734 aCasaubono
681 2667 863 2733 dissentiens
892 2667 949 2732 hoc
970 2668 1141 2734 vocabulum
1171 2669 1210 2734 ad

97 2768 158 2836 alia
180 2771 312 2856 ejusdem
329 2777 453 2862 generis
476 2775 610 2839 convicia
623 2774 745 2860 comica,
771 2762 857 2859 quasi
877 2771 916 2837 ad
936 2789 1070 2839 normam
1093 2776 1208 2862 exegit.

96 2875 201 2962 ltaque
223 2877 266 2942 uic
287 2881 449 2965 statuebat,
472 2879 692 2964 κοιλιοδαίμων
712 2879 786 2960 nihil
808 2879 887 2944 aliud
909 2879 1109 2966 significare,
1123 2900 1208 2966 quam

97 2975 527 3071 κόικοδαίμωνκοιλιολότρης.
552 2985 667 3051 Εοδεω
688 2985 775 3050 modo
797 2985 827 3049 in
848 2984 980 3052 Nubibus
1003 3008 1031 3050 v.
1054 2987 1115 3060 296
1136 3011 1209 3070 cpu-

96 3087 277 3172 γοδαίμονες
297 3091 459 3156 scholiasta
482 3105 602 3157 armore
625 3092 878 3177 interpretabatur
898 3093 1120 3176 κακοδαίμονες
1139 3115 1211 3177 τρυ-
1331 3151 1336 3164 .

96 3193 209 3281 γῳδοί;
231 3194 337 3261 deinde
359 3195 524 3262 Stratonici
545 3198 651 3262 dictum
673 3217 722 3283 ap.
745 3195 853 3261 Athen.
876 3195 949 3263 Vlll
970 3218 999 3285 p.
1023 3201 1123 3288 352‚b
1149 3224 1211 3267 να-

95 3299 255 3383 κοδαίμων
275 3300 347 3366 duce
366 3302 435 3388 ipso
457 3302 614 3368 Athenaeo
645 3325 714 3367 esse
741 3301 865 3367 volebat
890 3304 1091 3386 κακοδαίμων
1114 3327 1209 3371 νακο-

97 3400 210 3488 didam
246 3412 305 3470 tum
337 3409 535 3491 σοροδαίμων
561 3428 610 3495 ap.
643 3407 835 3472 Plutarchum
865 3408 975 3472 Moral.
1002 3430 1033 3495 p.
1065 3407 1150 3477 1313
1179 3424 1211 3476 et

96 3509 299 3597 Phrynichum
321 3511 418 3582 Bekk.
440 3535 470 3600 p.
494 3515 547 3600 03,
571 3514 611 3580 10
631 3512 800 3600 improbata
822 3511 988 3600 Phrynichi
1010 3516 1210 3604 explicatione

97 3615 198 3702 potius
219 3617 389 3703 explicabat
408 3621 610 3703 κακοδαίμων
630 3615 724 3704 σορός
745 3617 765 3682 i.
780 3642 807 3684 e.
824 3641 920 3685 senex
936 3621 1103 3709 capularis3
1126 3627 1210 3709 Koo-

97 3720 257 3804 νοδαίμων
278 3724 355 3810 apud
377 3727 503 3792 eundum
518 3725 721 3813 Phrynicbum
743 3725 850 3790 ibidem
871 3714 901 3812 p.
923 3727 976 3810 40,
999 3728 1041 3794 30
1061 3728 1131 3794 item
1154 3751 1209 3795 cx·

97 3815 232 3914 ponebat
254 3831 453 3914 κακοδαίμων
474 3830 599 3920 Κρόνος
627 3832 692 3896 sive
714 3829 931 3918 Kpovdlappos3
960 3831 1087 3919 denique
1108 3837 1210 3919 βλεκε-

98 3933 219 4017 δαίμων
242 3933 319 4018 apud
340 3934 523 4007 Pausaniam
545 3937 696 4003 Eustathii
722 3958 752 4024 p.
775 3939 848 4026 206,
870 3938 911 4004 27
932 3938 1006 4003 nihil
1032 3939 1112 4006 aliud
1140 3965 1210 4008 esse

98 4038 229 4224 pulsabat,
256 4058 342 4124 quam
364 4037 382 4107 ὁ
402 4045 598 4129 κακοδαίμων
612 4042 664 4110 καί
673 4029 817 4129 ’στραβδῶ
841 4047 888 4113 bet
900 4045 1079 4130 coloratior
1095 4047 1211 4134 &ababa

25 4155 28 4160 ’
119 4154 187 4214 ανδ.
